symbol,isin,trade_date,exchange,segment,series,trade_type,auction,quantity,price,trade_id,order_id,order_execution_time
TATASTEEL,INE081A01020,2023-03-15,NSE,EQ,EQ,buy,false,47.000000,108.099998,75021371,1300000000176811,2023-03-15T09:15:01
TATASTEEL,INE081A01020,2023-03-15,NSE,EQ,EQ,buy,false,168.000000,108.099998,75021372,1300000000176811,2023-03-15T09:15:01
TATACHEM,INE092A01019,2023-03-15,NSE,EQ,EQ,buy,false,19.000000,977.000000,75021898,1300000000178821,2023-03-15T09:15:01
RELIANCE,INE002A01018,2023-03-15,NSE,EQ,EQ,buy,false,7.000000,2285.000000,75021368,1300000000176809,2023-03-15T09:15:01
TATACONSUM,INE192A01025,2023-03-15,NSE,EQ,EQ,buy,false,4.000000,697.000000,75021902,1300000000178822,2023-03-15T09:15:01
VOLTAS,INE226A01021,2023-03-15,NSE,EQ,EQ,buy,false,33.000000,883.650024,75021373,1300000000176812,2023-03-15T09:15:01
REDINGTON,INE891D01026,2023-03-15,NSE,EQ,EQ,buy,false,18.000000,162.449997,75021369,1300000000176810,2023-03-15T09:15:01
TATACONSUM,INE192A01025,2023-03-15,NSE,EQ,EQ,buy,false,4.000000,696.950012,75021901,1300000000178822,2023-03-15T09:15:01
TITAN,INE280A01028,2023-03-15,NSE,EQ,EQ,buy,false,13.000000,2388.449951,75021268,1300000000176501,2023-03-15T09:15:01
TATACONSUM,INE192A01025,2023-03-15,NSE,EQ,EQ,buy,false,25.000000,696.799988,75021899,1300000000178822,2023-03-15T09:15:01
TCS,INE467B01029,2023-03-15,NSE,EQ,EQ,buy,false,12.000000,3250.600098,75021896,1300000000178820,2023-03-15T09:15:01
REDINGTON,INE891D01026,2023-03-15,NSE,EQ,EQ,buy,false,85.000000,162.500000,75021370,1300000000176810,2023-03-15T09:15:01
TATACHEM,INE092A01019,2023-03-15,NSE,EQ,EQ,buy,false,5.000000,977.000000,75021897,1300000000178821,2023-03-15T09:15:01
TATACONSUM,INE192A01025,2023-03-15,NSE,EQ,EQ,buy,false,14.000000,696.900024,75021900,1300000000178822,2023-03-15T09:15:01
ASIANPAINT,INE021A01026,2023-03-15,NSE,EQ,EQ,buy,false,6.000000,2772.149902,15720,1000000000158596,2023-03-15T09:15:01
ASTRAL,INE006I01046,2023-03-15,NSE,EQ,EQ,buy,false,12.000000,1399.000000,15719,1000000000158595,2023-03-15T09:15:01
NIFTYBEES,INF204KB14I2,2023-03-15,NSE,EQ,EQ,buy,false,24.000000,188.399994,50014535,1200000000148892,2023-03-15T09:15:01
GOLDBEES,INF204KB17I5,2023-03-15,NSE,EQ,EQ,buy,false,1.000000,49.130001,25014581,1100000000158991,2023-03-15T09:15:01
HINDUNILVR,INE030A01027,2023-03-15,NSE,EQ,EQ,buy,false,7.000000,2451.899902,25015174,1100000000161688,2023-03-15T09:15:01
MARICO,INE196A01026,2023-03-15,NSE,EQ,EQ,buy,false,15.000000,486.750000,50014106,1200000000146882,2023-03-15T09:15:01
ITC,INE154A01025,2023-03-15,NSE,EQ,EQ,buy,false,44.000000,381.450012,25014584,1100000000158992,2023-03-15T09:15:01
GOLDBEES,INF204KB17I5,2023-03-15,NSE,EQ,EQ,buy,false,1.000000,49.130001,25014577,1100000000158991,2023-03-15T09:15:01
TATAPOWER,INE245A01021,2023-03-15,NSE,EQ,EQ,buy,false,92.000000,204.949997,75021267,1300000000176500,2023-03-15T09:15:01
TATAPOWER,INE245A01021,2023-03-15,NSE,EQ,EQ,buy,false,18.000000,204.899994,75021266,1300000000176500,2023-03-15T09:15:01
GOLDBEES,INF204KB17I5,2023-03-15,NSE,EQ,EQ,buy,false,44.000000,49.130001,25014578,1100000000158991,2023-03-15T09:15:01
MARICO,INE196A01026,2023-03-15,NSE,EQ,EQ,buy,false,18.000000,487.100006,50014108,1200000000146882,2023-03-15T09:15:01
INFY,INE009A01021,2023-03-15,NSE,EQ,EQ,buy,false,12.000000,1438.000000,25014586,1100000000158994,2023-03-15T09:15:01
GOLDBEES,INF204KB17I5,2023-03-15,NSE,EQ,EQ,buy,false,812.000000,49.130001,25014576,1100000000158991,2023-03-15T09:15:01
JUNIORBEES,INF732E01045,2023-03-15,NSE,EQ,EQ,buy,false,28.000000,398.429993,50014004,1200000000146611,2023-03-15T09:15:01
JUNIORBEES,INF732E01045,2023-03-15,NSE,EQ,EQ,buy,false,18.000000,398.420013,50014003,1200000000146611,2023-03-15T09:15:01
GOLDBEES,INF204KB17I5,2023-03-15,NSE,EQ,EQ,buy,false,403.000000,49.139999,25014583,1100000000158991,2023-03-15T09:15:01
MARICO,INE196A01026,2023-03-15,NSE,EQ,EQ,buy,false,1.000000,486.799988,50014107,1200000000146882,2023-03-15T09:15:01
LIQUIDBEES,INF732E01037,2023-03-15,NSE,EQ,EQ,buy,false,49.000000,1000.000000,50014095,1200000000146858,2023-03-15T09:15:01
PIDILITIND,INE318A01026,2023-03-15,NSE,EQ,EQ,buy,false,7.000000,2316.000000,50014008,1200000000146612,2023-03-15T09:15:01
JUNIORBEES,INF732E01045,2023-03-15,NSE,EQ,EQ,buy,false,24.000000,398.440002,50014005,1200000000146611,2023-03-15T09:15:01
GOLDBEES,INF204KB17I5,2023-03-15,NSE,EQ,EQ,buy,false,1.000000,49.130001,25014579,1100000000158991,2023-03-15T09:15:01
JUNIORBEES,INF732E01045,2023-03-15,NSE,EQ,EQ,buy,false,28.000000,398.480011,50014006,1200000000146611,2023-03-15T09:15:01
PERSISTENT,INE262H01013,2023-03-15,NSE,EQ,EQ,buy,false,4.000000,4574.000000,50014105,1200000000146881,2023-03-15T09:15:01
HDFC,INE001A01036,2023-03-15,NSE,EQ,EQ,buy,false,7.000000,2577.800049,25015173,1100000000161687,2023-03-15T09:15:01
GOLDBEES,INF204KB17I5,2023-03-15,NSE,EQ,EQ,buy,false,1.000000,49.130001,25014580,1100000000158991,2023-03-15T09:15:01
JUNIORBEES,INF732E01045,2023-03-15,NSE,EQ,EQ,buy,false,39.000000,398.600006,50014007,1200000000146611,2023-03-15T09:15:01
LAOPALA,INE059D01020,2023-03-15,NSE,EQ,EQ,buy,false,44.000000,345.899994,50014009,1200000000146613,2023-03-15T09:15:01
GOLDBEES,INF204KB17I5,2023-03-15,NSE,EQ,EQ,buy,false,118.000000,49.130001,25014582,1100000000158991,2023-03-15T09:15:01
NIFTYBEES,INF204KB14I2,2023-03-15,NSE,EQ,EQ,buy,false,133.000000,188.399994,50014534,1200000000148892,2023-03-15T09:15:01
LAOPALA,INE059D01020,2023-03-15,NSE,EQ,EQ,buy,false,5.000000,346.649994,50014010,1200000000146613,2023-03-15T09:15:01
RKFORGE,INE399G01023,2023-03-15,NSE,EQ,EQ,buy,false,47.000000,278.000000,75155813,1300000000839283,2023-03-15T09:18:43
BEL,INE263A01024,2023-03-15,NSE,EQ,EQ,buy,false,29.000000,93.500000,168720,1000000000890783,2023-03-15T09:18:43
CANBK,INE476A01014,2023-03-15,NSE,EQ,EQ,buy,false,25.000000,289.450012,168725,1000000000890794,2023-03-15T09:18:43
KARURVYSYA,INE036D01028,2023-03-15,NSE,EQ,EQ,buy,false,130.000000,100.199997,50141125,1200000000775866,2023-03-15T09:18:43
ITC,INE154A01025,2023-03-15,NSE,EQ,EQ,buy,false,34.000000,383.600006,25139202,1100000000816090,2023-03-15T09:18:43
APARINDS,INE372A01015,2023-03-15,NSE,EQ,EQ,buy,false,6.000000,2339.949951,168723,1000000000890791,2023-03-15T09:18:43
NTPC,INE733E01010,2023-03-15,NSE,EQ,EQ,buy,false,73.000000,178.750000,50141108,1200000000775817,2023-03-15T09:18:43
KKCL,INE401H01017,2023-03-15,NSE,EQ,EQ,buy,false,24.000000,405.450012,50141110,1200000000775822,2023-03-15T09:18:43
KKCL,INE401H01017,2023-03-15,NSE,EQ,EQ,buy,false,3.000000,405.500000,50141111,1200000000775822,2023-03-15T09:18:43
KKCL,INE401H01017,2023-03-15,NSE,EQ,EQ,buy,false,5.000000,405.600006,50141112,1200000000775822,2023-03-15T09:18:43
ASTERDM,INE914M01019,2023-03-15,NSE,EQ,EQ,buy,false,21.000000,233.199997,168715,1000000000890780,2023-03-15T09:18:43
ASTERDM,INE914M01019,2023-03-15,NSE,EQ,EQ,buy,false,10.000000,233.250000,168716,1000000000890780,2023-03-15T09:18:43
KIRLOSENG,INE146L01010,2023-03-15,NSE,EQ,EQ,buy,false,35.000000,370.549988,50141109,1200000000775818,2023-03-15T09:18:43
DCBBANK,INE503A01015,2023-03-15,NSE,EQ,EQ,buy,false,26.000000,106.699997,25139200,1100000000816086,2023-03-15T09:18:43
CANBK,INE476A01014,2023-03-15,NSE,EQ,EQ,buy,false,20.000000,289.450012,168724,1000000000890794,2023-03-15T09:18:43
M&M,INE101A01026,2023-03-15,NSE,EQ,EQ,buy,false,11.000000,1166.349976,50141114,1200000000775832,2023-03-15T09:18:43
INDIANB,INE562A01011,2023-03-15,NSE,EQ,EQ,buy,false,49.000000,263.750000,25139205,1100000000816096,2023-03-15T09:18:43
JKLAKSHMI,INE786A01032,2023-03-15,NSE,EQ,EQ,buy,false,19.000000,685.849976,50141113,1200000000775829,2023-03-15T09:18:43
ASTERDM,INE914M01019,2023-03-15,NSE,EQ,EQ,buy,false,23.000000,233.250000,168718,1000000000890780,2023-03-15T09:18:43
DCBBANK,INE503A01015,2023-03-15,NSE,EQ,EQ,buy,false,96.000000,106.699997,25139201,1100000000816086,2023-03-15T09:18:43
GABRIEL,INE524A01029,2023-03-15,NSE,EQ,EQ,buy,false,86.000000,151.449997,25139206,1100000000816109,2023-03-15T09:18:43
ASTERDM,INE914M01019,2023-03-15,NSE,EQ,EQ,buy,false,2.000000,233.250000,168717,1000000000890780,2023-03-15T09:18:43
BEL,INE263A01024,2023-03-15,NSE,EQ,EQ,buy,false,110.000000,93.500000,168721,1000000000890783,2023-03-15T09:18:43
GABRIEL,INE524A01029,2023-03-17,NSE,EQ,EQ,sell,false,86.000000,143.100006,26686141,1100000010660972,2023-03-17T11:14:53
BEL,INE263A01024,2023-03-17,NSE,EQ,EQ,sell,false,2.000000,93.900002,1592230,1000000010095634,2023-03-17T11:14:53
BEL,INE263A01024,2023-03-17,NSE,EQ,EQ,sell,false,10.000000,93.900002,1592231,1000000010095634,2023-03-17T11:14:53
BEL,INE263A01024,2023-03-17,NSE,EQ,EQ,sell,false,5.000000,93.900002,1592233,1000000010095634,2023-03-17T11:14:53
BEL,INE263A01024,2023-03-17,NSE,EQ,EQ,sell,false,1.000000,93.900002,1592232,1000000010095634,2023-03-17T11:14:53
BEL,INE263A01024,2023-03-17,NSE,EQ,EQ,sell,false,33.000000,93.900002,1592234,1000000010095634,2023-03-17T11:14:53
CANBK,INE476A01014,2023-03-17,NSE,EQ,EQ,sell,false,45.000000,277.500000,1592235,1000000010095635,2023-03-17T11:14:53
KKCL,INE401H01017,2023-03-17,NSE,EQ,EQ,sell,false,32.000000,405.500000,51693691,1200000010725059,2023-03-17T11:14:53
BEL,INE263A01024,2023-03-17,NSE,EQ,EQ,sell,false,88.000000,93.900002,1592229,1000000010095634,2023-03-17T11:14:53
ZYDUSLIFE,INE010B01027,2023-03-17,NSE,EQ,EQ,buy,false,27.000000,482.299988,1592472,1000000010097648,2023-03-17T11:14:55
HGINFRA,INE926X01010,2023-03-17,NSE,EQ,EQ,buy,false,1.000000,794.250000,26686475,1100000010663451,2023-03-17T11:14:55
HGINFRA,INE926X01010,2023-03-17,NSE,EQ,EQ,buy,false,15.000000,794.299988,26686476,1100000010663451,2023-03-17T11:14:55
ZENSARTECH,INE520A01027,2023-03-17,NSE,EQ,EQ,buy,false,46.000000,278.799988,76610494,1300000009908488,2023-03-17T11:14:55
NCC,INE868B01028,2023-03-17,NSE,EQ,EQ,buy,false,123.000000,104.800003,51693996,1200000010727208,2023-03-17T11:14:55
TATASTEEL,INE081A01020,2023-03-17,NSE,EQ,EQ,sell,false,25.000000,105.599998,76615313,1300000009940522,2023-03-17T11:15:23
TATACONSUM,INE192A01025,2023-03-17,NSE,EQ,EQ,sell,false,4.000000,705.349976,76615315,1300000009940524,2023-03-17T11:15:23
VOLTAS,INE226A01021,2023-03-17,NSE,EQ,EQ,sell,false,4.000000,888.599976,76615317,1300000009940527,2023-03-17T11:15:23
TATAPOWER,INE245A01021,2023-03-17,NSE,EQ,EQ,sell,false,17.000000,205.000000,76615319,1300000009940544,2023-03-17T11:15:23
TITAN,INE280A01028,2023-03-17,NSE,EQ,EQ,sell,false,1.000000,2457.350098,76615314,1300000009940523,2023-03-17T11:15:23
VOLTAS,INE226A01021,2023-03-17,NSE,EQ,EQ,sell,false,4.000000,888.750000,76615316,1300000009940527,2023-03-17T11:15:23
TATACHEM,INE092A01019,2023-03-17,NSE,EQ,EQ,sell,false,3.000000,958.250000,76615318,1300000009940541,2023-03-17T11:15:23
INDHOTEL,INE053A01029,2023-03-17,NSE,EQ,EQ,buy,false,70.000000,322.250000,26692186,1100000010699290,2023-03-17T11:15:25
GANECOS,INE845D01014,2023-03-20,NSE,EQ,EQ,buy,false,1.000000,816.799988,27058431,1100000013527780,2023-03-20T11:45:25
KSB,INE999A01015,2023-03-20,NSE,EQ,EQ,buy,false,1.000000,2053.050049,51994210,1200000012945186,2023-03-20T11:45:25
APARINDS,INE372A01015,2023-03-20,NSE,EQ,EQ,buy,false,1.000000,2272.699951,2102520,1000000012856592,2023-03-20T11:45:25
BBL,INE464A01028,2023-03-20,NSE,EQ,EQ,buy,false,1.000000,2486.800049,2102519,1000000012856580,2023-03-20T11:45:25
BBL,INE464A01028,2023-03-20,NSE,EQ,EQ,buy,false,2.000000,2486.750000,2102518,1000000012856580,2023-03-20T11:45:25
BBL,INE464A01028,2023-03-20,NSE,EQ,EQ,buy,false,2.000000,2486.500000,2102517,1000000012856580,2023-03-20T11:45:25
BORORENEW,INE666D01022,2023-03-20,NSE,EQ,EQ,buy,false,27.000000,445.000000,2102516,1000000012856568,2023-03-20T11:45:25
APARINDS,INE372A01015,2023-03-20,NSE,EQ,EQ,buy,false,3.000000,2273.800049,2102524,1000000012856592,2023-03-20T11:45:25
APARINDS,INE372A01015,2023-03-20,NSE,EQ,EQ,buy,false,1.000000,2273.350098,2102523,1000000012856592,2023-03-20T11:45:25
FIEMIND,INE737H01014,2023-03-20,NSE,EQ,EQ,buy,false,1.000000,1561.800049,27058449,1100000013527803,2023-03-20T11:45:25
TDPOWERSYS,INE419M01027,2023-03-20,NSE,EQ,EQ,buy,false,4.000000,148.449997,77026164,1300000011866921,2023-03-20T11:45:25
TDPOWERSYS,INE419M01027,2023-03-20,NSE,EQ,EQ,buy,false,28.000000,148.449997,77026165,1300000011866921,2023-03-20T11:45:25
SANGHVIMOV,INE989A01024,2023-03-20,NSE,EQ,EQ,buy,false,14.000000,345.000000,77026156,1300000011866881,2023-03-20T11:45:25
SANGHVIMOV,INE989A01024,2023-03-20,NSE,EQ,EQ,buy,false,10.000000,344.950012,77026155,1300000011866881,2023-03-20T11:45:25
SANGHVIMOV,INE989A01024,2023-03-20,NSE,EQ,EQ,buy,false,10.000000,344.950012,77026154,1300000011866881,2023-03-20T11:45:25
GANECOS,INE845D01014,2023-03-20,NSE,EQ,EQ,buy,false,1.000000,816.849976,27058443,1100000013527780,2023-03-20T11:45:25
TDPOWERSYS,INE419M01027,2023-03-20,NSE,EQ,EQ,buy,false,19.000000,148.399994,77026163,1300000011866921,2023-03-20T11:45:25
GANECOS,INE845D01014,2023-03-20,NSE,EQ,EQ,buy,false,2.000000,816.849976,27058442,1100000013527780,2023-03-20T11:45:25
GANECOS,INE845D01014,2023-03-20,NSE,EQ,EQ,buy,false,2.000000,816.849976,27058441,1100000013527780,2023-03-20T11:45:25
GANECOS,INE845D01014,2023-03-20,NSE,EQ,EQ,buy,false,5.000000,816.799988,27058440,1100000013527780,2023-03-20T11:45:25
GANECOS,INE845D01014,2023-03-20,NSE,EQ,EQ,buy,false,1.000000,816.799988,27058439,1100000013527780,2023-03-20T11:45:25
GANECOS,INE845D01014,2023-03-20,NSE,EQ,EQ,buy,false,1.000000,816.799988,27058438,1100000013527780,2023-03-20T11:45:25
GANECOS,INE845D01014,2023-03-20,NSE,EQ,EQ,buy,false,1.000000,816.799988,27058437,1100000013527780,2023-03-20T11:45:25
GANECOS,INE845D01014,2023-03-20,NSE,EQ,EQ,buy,false,1.000000,816.799988,27058436,1100000013527780,2023-03-20T11:45:25
GANECOS,INE845D01014,2023-03-20,NSE,EQ,EQ,buy,false,2.000000,816.799988,27058435,1100000013527780,2023-03-20T11:45:25
PITTIENG,INE450D01021,2023-03-20,NSE,EQ,EQ,buy,false,1.000000,272.049988,51994204,1200000012945179,2023-03-20T11:45:25
PITTIENG,INE450D01021,2023-03-20,NSE,EQ,EQ,buy,false,1.000000,272.000000,51994200,1200000012945179,2023-03-20T11:45:25
PITTIENG,INE450D01021,2023-03-20,NSE,EQ,EQ,buy,false,1.000000,272.049988,51994202,1200000012945179,2023-03-20T11:45:25
PITTIENG,INE450D01021,2023-03-20,NSE,EQ,EQ,buy,false,1.000000,272.000000,51994201,1200000012945179,2023-03-20T11:45:25
PITTIENG,INE450D01021,2023-03-20,NSE,EQ,EQ,buy,false,29.000000,272.049988,51994203,1200000012945179,2023-03-20T11:45:25
PITTIENG,INE450D01021,2023-03-20,NSE,EQ,EQ,buy,false,10.000000,272.000000,51994198,1200000012945179,2023-03-20T11:45:25
PITTIENG,INE450D01021,2023-03-20,NSE,EQ,EQ,buy,false,1.000000,272.000000,51994199,1200000012945179,2023-03-20T11:45:25
GANECOS,INE845D01014,2023-03-20,NSE,EQ,EQ,buy,false,1.000000,816.799988,27058434,1100000013527780,2023-03-20T11:45:25
GANECOS,INE845D01014,2023-03-20,NSE,EQ,EQ,buy,false,1.000000,816.799988,27058433,1100000013527780,2023-03-20T11:45:25
SANGHVIMOV,INE989A01024,2023-03-20,NSE,EQ,EQ,buy,false,2.000000,344.950012,77026153,1300000011866881,2023-03-20T11:45:25
GANECOS,INE845D01014,2023-03-20,NSE,EQ,EQ,buy,false,1.000000,816.799988,27058432,1100000013527780,2023-03-20T11:45:25
APARINDS,INE372A01015,2023-03-20,NSE,EQ,EQ,buy,false,2.000000,2272.750000,2102522,1000000012856592,2023-03-20T11:45:25
GANECOS,INE845D01014,2023-03-20,NSE,EQ,EQ,buy,false,2.000000,816.750000,27058430,1100000013527780,2023-03-20T11:45:25
SANGHVIMOV,INE989A01024,2023-03-20,NSE,EQ,EQ,buy,false,2.000000,344.850006,77026150,1300000011866881,2023-03-20T11:45:25
SANGHVIMOV,INE989A01024,2023-03-20,NSE,EQ,EQ,buy,false,10.000000,344.850006,77026149,1300000011866881,2023-03-20T11:45:25
SANGHVIMOV,INE989A01024,2023-03-20,NSE,EQ,EQ,buy,false,13.000000,344.950012,77026152,1300000011866881,2023-03-20T11:45:25
SBCL,INE386D01027,2023-03-20,NSE,EQ,EQ,buy,false,1.000000,416.799988,77026161,1300000011866895,2023-03-20T11:45:25
SBCL,INE386D01027,2023-03-20,NSE,EQ,EQ,buy,false,10.000000,416.750000,77026160,1300000011866895,2023-03-20T11:45:25
SBCL,INE386D01027,2023-03-20,NSE,EQ,EQ,buy,false,47.000000,416.750000,77026159,1300000011866895,2023-03-20T11:45:25
SBCL,INE386D01027,2023-03-20,NSE,EQ,EQ,buy,false,1.000000,416.700012,77026158,1300000011866895,2023-03-20T11:45:25
SANGHVIMOV,INE989A01024,2023-03-20,NSE,EQ,EQ,buy,false,4.000000,344.899994,77026151,1300000011866881,2023-03-20T11:45:25
SBCL,INE386D01027,2023-03-20,NSE,EQ,EQ,buy,false,13.000000,416.799988,77026162,1300000011866895,2023-03-20T11:45:25
FIEMIND,INE737H01014,2023-03-20,NSE,EQ,EQ,buy,false,7.000000,1561.800049,27058450,1100000013527803,2023-03-20T11:45:25
FIEMIND,INE737H01014,2023-03-20,NSE,EQ,EQ,buy,false,2.000000,1561.750000,27058448,1100000013527803,2023-03-20T11:45:25
KPITTECH,INE04I401011,2023-03-20,NSE,EQ,EQ,buy,false,12.000000,890.900024,51994206,1200000012945185,2023-03-20T11:45:25
KPITTECH,INE04I401011,2023-03-20,NSE,EQ,EQ,buy,false,1.000000,890.700012,51994205,1200000012945185,2023-03-20T11:45:25
TDPOWERSYS,INE419M01027,2023-03-20,NSE,EQ,EQ,buy,false,30.000000,148.500000,77026166,1300000011866921,2023-03-20T11:45:25
LIQUIDBEES,INF732E01037,2023-03-20,NSE,EQ,EQ,buy,false,27.000000,1000.010010,51994223,1200000012945208,2023-03-20T11:45:25
SWSOLAR,INE00M201021,2023-03-20,NSE,EQ,EQ,buy,false,34.000000,305.399994,77026167,1300000011866955,2023-03-20T11:45:25
GRAVITA,INE024L01027,2023-03-20,NSE,EQ,EQ,buy,false,4.000000,471.600006,27058447,1100000013527795,2023-03-20T11:45:25
PENIND,INE932A01024,2023-03-20,NSE,EQ,EQ,buy,false,157.000000,69.849998,51994212,1200000012945197,2023-03-20T11:45:25
PENIND,INE932A01024,2023-03-20,NSE,EQ,EQ,buy,false,15.000000,69.849998,51994213,1200000012945197,2023-03-20T11:45:25
GRAVITA,INE024L01027,2023-03-20,NSE,EQ,EQ,buy,false,9.000000,471.600006,27058444,1100000013527795,2023-03-20T11:45:25
GRAVITA,INE024L01027,2023-03-20,NSE,EQ,EQ,buy,false,2.000000,471.600006,27058445,1100000013527795,2023-03-20T11:45:25
GRAVITA,INE024L01027,2023-03-20,NSE,EQ,EQ,buy,false,10.000000,471.600006,27058446,1100000013527795,2023-03-20T11:45:25
TRITURBINE,INE152M01016,2023-03-20,NSE,EQ,EQ,buy,false,40.000000,299.000000,77026157,1300000011866889,2023-03-20T11:45:25
NEOGEN,INE136S01016,2023-03-20,NSE,EQ,EQ,buy,false,2.000000,1338.199951,51994222,1200000012945206,2023-03-20T11:45:25
KSB,INE999A01015,2023-03-20,NSE,EQ,EQ,buy,false,2.000000,2053.050049,51994211,1200000012945186,2023-03-20T11:45:25
PRAJIND,INE074A01025,2023-03-20,NSE,EQ,EQ,buy,false,3.000000,332.600006,51994215,1200000012945198,2023-03-20T11:45:25
KSB,INE999A01015,2023-03-20,NSE,EQ,EQ,buy,false,1.000000,2052.949951,51994208,1200000012945186,2023-03-20T11:45:25
PRAJIND,INE074A01025,2023-03-20,NSE,EQ,EQ,buy,false,2.000000,332.649994,51994216,1200000012945198,2023-03-20T11:45:25
NEOGEN,INE136S01016,2023-03-20,NSE,EQ,EQ,buy,false,2.000000,1338.150024,51994220,1200000012945206,2023-03-20T11:45:25
NEOGEN,INE136S01016,2023-03-20,NSE,EQ,EQ,buy,false,7.000000,1338.150024,51994221,1200000012945206,2023-03-20T11:45:25
KSB,INE999A01015,2023-03-20,NSE,EQ,EQ,buy,false,2.000000,2052.949951,51994207,1200000012945186,2023-03-20T11:45:25
PRAJIND,INE074A01025,2023-03-20,NSE,EQ,EQ,buy,false,12.000000,332.649994,51994217,1200000012945198,2023-03-20T11:45:25
KSB,INE999A01015,2023-03-20,NSE,EQ,EQ,buy,false,1.000000,2053.000000,51994209,1200000012945186,2023-03-20T11:45:25
PRAJIND,INE074A01025,2023-03-20,NSE,EQ,EQ,buy,false,9.000000,332.700012,51994218,1200000012945198,2023-03-20T11:45:25
MTARTECH,INE864I01014,2023-03-20,NSE,EQ,EQ,buy,false,11.000000,1622.000000,51994219,1200000012945203,2023-03-20T11:45:25
PRAJIND,INE074A01025,2023-03-20,NSE,EQ,EQ,buy,false,10.000000,332.600006,51994214,1200000012945198,2023-03-20T11:45:25
APARINDS,INE372A01015,2023-03-20,NSE,EQ,EQ,buy,false,2.000000,2272.699951,2102521,1000000012856592,2023-03-20T11:45:25
JUNIORBEES,INF732E01045,2023-03-20,NSE,EQ,EQ,buy,false,41.000000,396.799988,51998447,1200000012974377,2023-03-20T11:46:01
JUNIORBEES,INF732E01045,2023-03-20,NSE,EQ,EQ,buy,false,28.000000,396.799988,51998446,1200000012974377,2023-03-20T11:46:01
GOLDBEES,INF204KB17I5,2023-03-20,NSE,EQ,EQ,buy,false,632.000000,51.060001,27064285,1100000013561952,2023-03-20T11:46:01
LIQUIDBEES,INF732E01037,2023-03-20,NSE,EQ,EQ,buy,false,25.000000,1000.010010,51998443,1200000012974375,2023-03-20T11:46:01
NIFTYBEES,INF204KB14I2,2023-03-20,NSE,EQ,EQ,buy,false,84.000000,185.300003,51998442,1200000012974374,2023-03-20T11:46:01
ASTERDM,INE914M01019,2023-03-20,NSE,EQ,EQ,buy,false,20.000000,236.000000,2113154,1000000012922622,2023-03-20T11:46:36
INDIANB,INE562A01011,2023-03-20,NSE,EQ,EQ,buy,false,23.000000,269.850006,27070167,1100000013601942,2023-03-20T11:46:36
APARINDS,INE372A01015,2023-03-20,NSE,EQ,EQ,buy,false,1.000000,2273.899902,2113159,1000000012922629,2023-03-20T11:46:36
APARINDS,INE372A01015,2023-03-20,NSE,EQ,EQ,buy,false,2.000000,2273.800049,2113158,1000000012922629,2023-03-20T11:46:36
ASTERDM,INE914M01019,2023-03-20,NSE,EQ,EQ,buy,false,3.000000,236.000000,2113153,1000000012922622,2023-03-20T11:46:36
ZYDUSLIFE,INE010B01027,2023-03-20,NSE,EQ,EQ,buy,false,14.000000,471.100006,2113152,1000000012922620,2023-03-20T11:46:36
KIRLOSENG,INE146L01010,2023-03-20,NSE,EQ,EQ,buy,false,17.000000,377.500000,52003320,1200000013014902,2023-03-20T11:46:36
ITC,INE154A01025,2023-03-20,NSE,EQ,EQ,buy,false,18.000000,373.450012,27070161,1100000013601936,2023-03-20T11:46:36
JKLAKSHMI,INE786A01032,2023-03-20,NSE,EQ,EQ,buy,false,1.000000,686.750000,52003317,1200000013014872,2023-03-20T11:46:36
JKLAKSHMI,INE786A01032,2023-03-20,NSE,EQ,EQ,buy,false,8.000000,686.750000,52003316,1200000013014872,2023-03-20T11:46:36
HGINFRA,INE926X01010,2023-03-20,NSE,EQ,EQ,buy,false,1.000000,784.400024,27070168,1100000013601949,2023-03-20T11:46:36
HGINFRA,INE926X01010,2023-03-20,NSE,EQ,EQ,buy,false,8.000000,784.400024,27070169,1100000013601949,2023-03-20T11:46:36
NCC,INE868B01028,2023-03-20,NSE,EQ,EQ,buy,false,67.000000,102.750000,52003312,1200000013014862,2023-03-20T11:46:36
RKFORGE,INE399G01023,2023-03-20,NSE,EQ,EQ,buy,false,25.000000,272.549988,77041053,1300000011935140,2023-03-20T11:46:36
NTPC,INE733E01010,2023-03-20,NSE,EQ,EQ,buy,false,1.000000,175.800003,52003311,1200000013014861,2023-03-20T11:46:36
NTPC,INE733E01010,2023-03-20,NSE,EQ,EQ,buy,false,5.000000,175.750000,52003310,1200000013014861,2023-03-20T11:46:36
NTPC,INE733E01010,2023-03-20,NSE,EQ,EQ,buy,false,32.000000,175.750000,52003309,1200000013014861,2023-03-20T11:46:36
DCBBANK,INE503A01015,2023-03-20,NSE,EQ,EQ,buy,false,37.000000,100.050003,27070162,1100000013601937,2023-03-20T11:46:36
DCBBANK,INE503A01015,2023-03-20,NSE,EQ,EQ,buy,false,36.000000,100.050003,27070163,1100000013601937,2023-03-20T11:46:36
KARURVYSYA,INE036D01028,2023-03-20,NSE,EQ,EQ,buy,false,59.000000,99.500000,52003313,1200000013014870,2023-03-20T11:46:36
KARURVYSYA,INE036D01028,2023-03-20,NSE,EQ,EQ,buy,false,7.000000,99.500000,52003314,1200000013014870,2023-03-20T11:46:36
M&M,INE101A01026,2023-03-20,NSE,EQ,EQ,buy,false,6.000000,1159.300049,52003321,1200000013014904,2023-03-20T11:46:36
ZENSARTECH,INE520A01027,2023-03-20,NSE,EQ,EQ,buy,false,26.000000,272.299988,77041054,1300000011935151,2023-03-20T11:46:36
ASTERDM,INE914M01019,2023-03-20,NSE,EQ,EQ,buy,false,4.000000,236.000000,2113155,1000000012922622,2023-03-20T11:46:36
TATACONSUM,INE192A01025,2023-03-20,NSE,EQ,EQ,buy,false,7.000000,695.349976,77049471,1300000011980501,2023-03-20T11:47:27
TITAN,INE280A01028,2023-03-20,NSE,EQ,EQ,buy,false,6.000000,2448.850098,77049467,1300000011980480,2023-03-20T11:47:27
TCS,INE467B01029,2023-03-20,NSE,EQ,EQ,buy,false,5.000000,3125.050049,77049463,1300000011980467,2023-03-20T11:47:27
TCS,INE467B01029,2023-03-20,NSE,EQ,EQ,buy,false,1.000000,3125.050049,77049464,1300000011980467,2023-03-20T11:47:27
INDHOTEL,INE053A01029,2023-03-20,NSE,EQ,EQ,buy,false,37.000000,315.149994,27077843,1100000013656782,2023-03-20T11:47:27
TATACHEM,INE092A01019,2023-03-20,NSE,EQ,EQ,buy,false,8.000000,954.299988,77049469,1300000011980482,2023-03-20T11:47:27
TATACHEM,INE092A01019,2023-03-20,NSE,EQ,EQ,buy,false,2.000000,954.250000,77049468,1300000011980482,2023-03-20T11:47:27
TATASTEEL,INE081A01020,2023-03-20,NSE,EQ,EQ,buy,false,95.000000,104.949997,77049470,1300000011980497,2023-03-20T11:47:27
TATAPOWER,INE245A01021,2023-03-20,NSE,EQ,EQ,buy,false,5.000000,202.149994,77049465,1300000011980470,2023-03-20T11:47:27
TATAPOWER,INE245A01021,2023-03-20,NSE,EQ,EQ,buy,false,42.000000,202.199997,77049466,1300000011980470,2023-03-20T11:47:27
VOLTAS,INE226A01021,2023-03-20,NSE,EQ,EQ,buy,false,14.000000,853.799988,77049473,1300000011980506,2023-03-20T11:47:27
TATACONSUM,INE192A01025,2023-03-20,NSE,EQ,EQ,buy,false,14.000000,695.400024,77049472,1300000011980501,2023-03-20T11:47:27
INFY,INE009A01021,2023-03-20,NSE,EQ,EQ,buy,false,6.000000,1405.099976,27084067,1100000013699516,2023-03-20T11:48:06
ASIANPAINT,INE021A01026,2023-03-20,NSE,EQ,EQ,buy,false,3.000000,2844.550049,2125209,1000000013001224,2023-03-20T11:48:06
PERSISTENT,INE262H01013,2023-03-20,NSE,EQ,EQ,buy,false,1.000000,4618.000000,52015602,1200000013102220,2023-03-20T11:48:06
PIDILITIND,INE318A01026,2023-03-20,NSE,EQ,EQ,buy,false,4.000000,2349.750000,52015598,1200000013102190,2023-03-20T11:48:06
HINDUNILVR,INE030A01027,2023-03-20,NSE,EQ,EQ,buy,false,3.000000,2432.050049,27084065,1100000013699509,2023-03-20T11:48:06
ASTRAL,INE006I01046,2023-03-20,NSE,EQ,EQ,buy,false,7.000000,1319.949951,2125208,1000000013001196,2023-03-20T11:48:06
LAOPALA,INE059D01020,2023-03-20,NSE,EQ,EQ,buy,false,16.000000,333.200012,52015599,1200000013102198,2023-03-20T11:48:06
LAOPALA,INE059D01020,2023-03-20,NSE,EQ,EQ,buy,false,1.000000,333.250000,52015600,1200000013102198,2023-03-20T11:48:06
LAOPALA,INE059D01020,2023-03-20,NSE,EQ,EQ,buy,false,9.000000,333.250000,52015601,1200000013102198,2023-03-20T11:48:06
MARICO,INE196A01026,2023-03-20,NSE,EQ,EQ,buy,false,8.000000,480.049988,52015605,1200000013102233,2023-03-20T11:48:06
MARICO,INE196A01026,2023-03-20,NSE,EQ,EQ,buy,false,4.000000,480.000000,52015604,1200000013102233,2023-03-20T11:48:06
MARICO,INE196A01026,2023-03-20,NSE,EQ,EQ,buy,false,6.000000,480.000000,52015603,1200000013102233,2023-03-20T11:48:06
HDFC,INE001A01036,2023-03-20,NSE,EQ,EQ,buy,false,3.000000,2554.199951,27084063,1100000013699499,2023-03-20T11:48:06
ITC,INE154A01025,2023-03-20,NSE,EQ,EQ,buy,false,23.000000,373.450012,27084066,1100000013699514,2023-03-20T11:48:06
RELIANCE,INE002A01018,2023-03-20,NSE,EQ,EQ,buy,false,4.000000,2194.649902,77055441,1300000012014797,2023-03-20T11:48:06
REDINGTON,INE891D01026,2023-03-20,NSE,EQ,EQ,buy,false,1.000000,160.850006,77055450,1300000012014825,2023-03-20T11:48:06
REDINGTON,INE891D01026,2023-03-20,NSE,EQ,EQ,buy,false,30.000000,160.850006,77055449,1300000012014825,2023-03-20T11:48:06
REDINGTON,INE891D01026,2023-03-20,NSE,EQ,EQ,buy,false,22.000000,160.850006,77055451,1300000012014825,2023-03-20T11:48:06
MON100,INF247L01AP3,2023-03-21,NSE,EQ,EQ,buy,false,1.000000,100.800003,53434195,1200000022063714,2023-03-21T15:19:01
JUNIORBEES,INF732E01045,2023-03-22,NSE,EQ,EQ,buy,false,1.000000,402.869995,52097428,1200000014537735,2023-03-22T12:55:22
JUNIORBEES,INF732E01045,2023-03-22,NSE,EQ,EQ,buy,false,10.000000,402.880005,52097429,1200000014537735,2023-03-22T12:55:22
JUNIORBEES,INF732E01045,2023-03-22,NSE,EQ,EQ,buy,false,1.000000,402.890015,52097431,1200000014537735,2023-03-22T12:55:22
JUNIORBEES,INF732E01045,2023-03-22,NSE,EQ,EQ,buy,false,9.000000,402.880005,52097430,1200000014537735,2023-03-22T12:55:22
JUNIORBEES,INF732E01045,2023-03-22,NSE,EQ,EQ,buy,false,12.000000,402.899994,52097432,1200000014537735,2023-03-22T12:55:22
JUNIORBEES,INF732E01045,2023-03-22,NSE,EQ,EQ,buy,false,10.000000,402.859985,52097427,1200000014537735,2023-03-22T12:55:22
NIFTYBEES,INF204KB14I2,2023-03-22,NSE,EQ,EQ,buy,false,75.000000,187.820007,52097422,1200000014537734,2023-03-22T12:55:22
GOLDBEES,INF204KB17I5,2023-03-22,NSE,EQ,EQ,buy,false,593.000000,49.959999,27236782,1100000015916957,2023-03-22T12:55:22
LIQUIDBEES,INF732E01037,2023-03-22,NSE,EQ,EQ,buy,false,24.000000,1000.000000,52097421,1200000014537733,2023-03-22T12:55:22
JUNIORBEES,INF732E01045,2023-03-22,NSE,EQ,EQ,buy,false,9.000000,402.829987,52097425,1200000014537735,2023-03-22T12:55:22
JUNIORBEES,INF732E01045,2023-03-22,NSE,EQ,EQ,buy,false,10.000000,402.799988,52097423,1200000014537735,2023-03-22T12:55:22
JUNIORBEES,INF732E01045,2023-03-22,NSE,EQ,EQ,buy,false,1.000000,402.799988,52097424,1200000014537735,2023-03-22T12:55:22
JUNIORBEES,INF732E01045,2023-03-22,NSE,EQ,EQ,buy,false,1.000000,402.839996,52097426,1200000014537735,2023-03-22T12:55:22
GOLDBEES,INF204KB17I5,2023-03-22,NSE,EQ,EQ,buy,false,130.000000,49.959999,27236781,1100000015916957,2023-03-22T12:55:22
NIFTYBEES,INF204KB14I2,2023-03-23,NSE,EQ,EQ,buy,false,5.000000,187.889999,51864774,1200000012773035,2023-03-23T12:24:49
LIQUIDBEES,INF732E01037,2023-03-23,NSE,EQ,EQ,buy,false,25.000000,1000.000000,51864777,1200000012773040,2023-03-23T12:24:49
JUNIORBEES,INF732E01045,2023-03-23,NSE,EQ,EQ,buy,false,22.000000,401.799988,51864776,1200000012773039,2023-03-23T12:24:49
NIFTYBEES,INF204KB14I2,2023-03-23,NSE,EQ,EQ,buy,false,33.000000,187.889999,51864773,1200000012773035,2023-03-23T12:24:49
JUNIORBEES,INF732E01045,2023-03-23,NSE,EQ,EQ,buy,false,46.000000,401.790009,51864775,1200000012773039,2023-03-23T12:24:49
NIFTYBEES,INF204KB14I2,2023-03-23,NSE,EQ,EQ,buy,false,40.000000,187.889999,51864772,1200000012773035,2023-03-23T12:24:49
GOLDBEES,INF204KB17I5,2023-03-23,NSE,EQ,EQ,buy,false,655.000000,50.400002,27143894,1100000013123864,2023-03-23T12:24:49
MON100,INF247L01AP3,2023-03-23,BSE,EQ,E,buy,false,9.000000,101.000000,154500,1679543100046009147,2023-03-23T12:25:47
MON100,INF247L01AP3,2023-03-23,BSE,EQ,E,buy,false,205.000000,100.970001,153900,1679543100046009147,2023-03-23T12:25:47
MON100,INF247L01AP3,2023-03-23,BSE,EQ,E,buy,false,599.000000,100.980003,154100,1679543100046009147,2023-03-23T12:25:47
MON100,INF247L01AP3,2023-03-23,BSE,EQ,E,buy,false,187.000000,100.989998,154300,1679543100046009147,2023-03-23T12:25:47
MON100,INF247L01AP3,2023-03-23,BSE,EQ,E,buy,false,400.000000,101.000000,154900,1679543100046009157,2023-03-23T12:26:17
MON100,INF247L01AP3,2023-03-23,BSE,EQ,E,buy,false,600.000000,100.980003,154700,1679543100046009157,2023-03-23T12:26:17
GOLDBEES,INF204KB17I5,2023-04-03,NSE,EQ,EQ,sell,false,463.000000,50.599998,26955567,1100000011197148,2023-04-03T11:28:57
JUNIORBEES,INF732E01045,2023-04-03,NSE,EQ,EQ,sell,false,15.000000,400.390015,51842197,1200000011500581,2023-04-03T11:28:57
NIFTYBEES,INF204KB14I2,2023-04-03,NSE,EQ,EQ,buy,false,83.000000,189.850006,51842438,1200000011501789,2023-04-03T11:28:59
NIFTYBEES,INF204KB14I2,2023-04-03,NSE,EQ,EQ,buy,false,63.000000,189.839996,51842437,1200000011501789,2023-04-03T11:28:59
GPPL,INE517F01014,2023-04-28,NSE,EQ,EQ,buy,false,50.000000,111.400002,26026798,1100000005260661,2023-04-28T09:58:44
GOLDBEES,INF204KB17I5,2023-04-28,NSE,EQ,EQ,buy,false,2315.000000,51.299999,26026781,1100000005260639,2023-04-28T09:58:44
GOLDBEES,INF204KB17I5,2023-04-28,NSE,EQ,EQ,buy,false,24.000000,51.310001,26026782,1100000005260639,2023-04-28T09:58:44
EXIDEIND,INE302A01020,2023-04-28,NSE,EQ,EQ,buy,false,31.000000,195.500000,26026791,1100000005260648,2023-04-28T09:58:44
EXIDEIND,INE302A01020,2023-04-28,NSE,EQ,EQ,buy,false,20.000000,195.500000,26026793,1100000005260648,2023-04-28T09:58:44
EXIDEIND,INE302A01020,2023-04-28,NSE,EQ,EQ,buy,false,50.000000,195.500000,26026792,1100000005260648,2023-04-28T09:58:44
EXIDEIND,INE302A01020,2023-04-28,NSE,EQ,EQ,buy,false,53.000000,195.500000,26026794,1100000005260648,2023-04-28T09:58:44
GPPL,INE517F01014,2023-04-28,NSE,EQ,EQ,buy,false,24.000000,111.400002,26026797,1100000005260661,2023-04-28T09:58:44
FINCABLES,INE235A01022,2023-04-28,NSE,EQ,EQ,buy,false,33.000000,909.000000,26026783,1100000005260640,2023-04-28T09:58:44
GPPL,INE517F01014,2023-04-28,NSE,EQ,EQ,buy,false,183.000000,111.400002,26026799,1100000005260661,2023-04-28T09:58:44
GPPL,INE517F01014,2023-04-28,NSE,EQ,EQ,buy,false,12.000000,111.449997,26026800,1100000005260661,2023-04-28T09:58:44
INGERRAND,INE177A01018,2023-04-28,NSE,EQ,EQ,buy,false,1.000000,2810.949951,26026788,1100000005260643,2023-04-28T09:58:44
INGERRAND,INE177A01018,2023-04-28,NSE,EQ,EQ,buy,false,1.000000,2810.050049,26026787,1100000005260643,2023-04-28T09:58:44
INGERRAND,INE177A01018,2023-04-28,NSE,EQ,EQ,buy,false,1.000000,2810.050049,26026786,1100000005260643,2023-04-28T09:58:44
INGERRAND,INE177A01018,2023-04-28,NSE,EQ,EQ,buy,false,1.000000,2810.050049,26026785,1100000005260643,2023-04-28T09:58:44
INGERRAND,INE177A01018,2023-04-28,NSE,EQ,EQ,buy,false,4.000000,2810.000000,26026784,1100000005260643,2023-04-28T09:58:44
INGERRAND,INE177A01018,2023-04-28,NSE,EQ,EQ,buy,false,1.000000,2811.699951,26026790,1100000005260643,2023-04-28T09:58:44
INGERRAND,INE177A01018,2023-04-28,NSE,EQ,EQ,buy,false,2.000000,2811.350098,26026789,1100000005260643,2023-04-28T09:58:44
TRITURBINE,INE152M01016,2023-04-28,NSE,EQ,EQ,buy,false,74.000000,365.450012,76213927,1300000005601647,2023-04-28T09:58:44
TRITURBINE,INE152M01016,2023-04-28,NSE,EQ,EQ,buy,false,8.000000,365.450012,76213926,1300000005601647,2023-04-28T09:58:44
SONATSOFTW,INE269A01021,2023-04-28,NSE,EQ,EQ,buy,false,36.000000,843.000000,76213928,1300000005601648,2023-04-28T09:58:44
PRESTIGE,INE811K01011,2023-04-28,NSE,EQ,EQ,buy,false,20.000000,495.100006,50956596,1200000005317310,2023-04-28T10:01:01
PRESTIGE,INE811K01011,2023-04-28,NSE,EQ,EQ,buy,false,2.000000,495.100006,50956599,1200000005317310,2023-04-28T10:01:01
EMBASSY,INE041025011,2023-04-28,NSE,EQ,RR,buy,false,9.000000,322.609985,26063613,1100000005423206,2023-04-28T10:01:01
EMBASSY,INE041025011,2023-04-28,NSE,EQ,RR,buy,false,8.000000,322.609985,26063612,1100000005423206,2023-04-28T10:01:01
EMBASSY,INE041025011,2023-04-28,NSE,EQ,RR,buy,false,18.000000,322.609985,26063611,1100000005423206,2023-04-28T10:01:01
EMBASSY,INE041025011,2023-04-28,NSE,EQ,RR,buy,false,2.000000,322.609985,26063610,1100000005423206,2023-04-28T10:01:01
EMBASSY,INE041025011,2023-04-28,NSE,EQ,RR,buy,false,1.000000,322.609985,26063609,1100000005423206,2023-04-28T10:01:01
BRIGADE,INE791I01019,2023-04-28,NSE,EQ,EQ,buy,false,3.000000,499.850006,854246,1000000005274316,2023-04-28T10:01:01
BRIGADE,INE791I01019,2023-04-28,NSE,EQ,EQ,buy,false,10.000000,499.850006,854242,1000000005274316,2023-04-28T10:01:01
BRIGADE,INE791I01019,2023-04-28,NSE,EQ,EQ,buy,false,1.000000,499.700012,854234,1000000005274316,2023-04-28T10:01:01
BRIGADE,INE791I01019,2023-04-28,NSE,EQ,EQ,buy,false,10.000000,499.750000,854238,1000000005274316,2023-04-28T10:01:01
BRIGADE,INE791I01019,2023-04-28,NSE,EQ,EQ,buy,false,19.000000,499.750000,854239,1000000005274316,2023-04-28T10:01:01
BRIGADE,INE791I01019,2023-04-28,NSE,EQ,EQ,buy,false,1.000000,499.700012,854235,1000000005274316,2023-04-28T10:01:01
BRIGADE,INE791I01019,2023-04-28,NSE,EQ,EQ,buy,false,2.000000,499.649994,854231,1000000005274316,2023-04-28T10:01:01
BRIGADE,INE791I01019,2023-04-28,NSE,EQ,EQ,buy,false,1.000000,499.750000,854240,1000000005274316,2023-04-28T10:01:01
BRIGADE,INE791I01019,2023-04-28,NSE,EQ,EQ,buy,false,8.000000,499.750000,854241,1000000005274316,2023-04-28T10:01:01
GODREJPROP,INE484J01027,2023-04-28,NSE,EQ,EQ,buy,false,9.000000,1322.400024,26063605,1100000005423192,2023-04-28T10:01:01
BRIGADE,INE791I01019,2023-04-28,NSE,EQ,EQ,buy,false,1.000000,499.700012,854232,1000000005274316,2023-04-28T10:01:01
GODREJPROP,INE484J01027,2023-04-28,NSE,EQ,EQ,buy,false,16.000000,1322.400024,26063606,1100000005423192,2023-04-28T10:01:01
BRIGADE,INE791I01019,2023-04-28,NSE,EQ,EQ,buy,false,1.000000,499.850006,854245,1000000005274316,2023-04-28T10:01:01
BRIGADE,INE791I01019,2023-04-28,NSE,EQ,EQ,buy,false,1.000000,499.850006,854243,1000000005274316,2023-04-28T10:01:01
BRIGADE,INE791I01019,2023-04-28,NSE,EQ,EQ,buy,false,5.000000,499.899994,854247,1000000005274316,2023-04-28T10:01:01
BRIGADE,INE791I01019,2023-04-28,NSE,EQ,EQ,buy,false,2.000000,499.750000,854237,1000000005274316,2023-04-28T10:01:01
BRIGADE,INE791I01019,2023-04-28,NSE,EQ,EQ,buy,false,3.000000,499.700012,854236,1000000005274316,2023-04-28T10:01:01
BRIGADE,INE791I01019,2023-04-28,NSE,EQ,EQ,buy,false,13.000000,499.700012,854233,1000000005274316,2023-04-28T10:01:01
BRIGADE,INE791I01019,2023-04-28,NSE,EQ,EQ,buy,false,1.000000,499.850006,854244,1000000005274316,2023-04-28T10:01:01
DLF,INE271C01023,2023-04-28,NSE,EQ,EQ,buy,false,80.000000,424.350006,26063607,1100000005423197,2023-04-28T10:01:01
PHOENIXLTD,INE211B01039,2023-04-28,NSE,EQ,EQ,buy,false,5.000000,1419.949951,50956605,1200000005317331,2023-04-28T10:01:01
PRESTIGE,INE811K01011,2023-04-28,NSE,EQ,EQ,buy,false,14.000000,495.100006,50956600,1200000005317310,2023-04-28T10:01:01
OBEROIRLTY,INE093I01010,2023-04-28,NSE,EQ,EQ,buy,false,41.000000,925.000000,50956601,1200000005317314,2023-04-28T10:01:01
PRESTIGE,INE811K01011,2023-04-28,NSE,EQ,EQ,buy,false,10.000000,495.100006,50956597,1200000005317310,2023-04-28T10:01:01
EMBASSY,INE041025011,2023-04-28,NSE,EQ,RR,buy,false,11.000000,322.609985,26063608,1100000005423206,2023-04-28T10:01:01
PHOENIXLTD,INE211B01039,2023-04-28,NSE,EQ,EQ,buy,false,1.000000,1419.900024,50956602,1200000005317331,2023-04-28T10:01:01
PRESTIGE,INE811K01011,2023-04-28,NSE,EQ,EQ,buy,false,42.000000,495.100006,50956598,1200000005317310,2023-04-28T10:01:01
PHOENIXLTD,INE211B01039,2023-04-28,NSE,EQ,EQ,buy,false,12.000000,1419.949951,50956607,1200000005317331,2023-04-28T10:01:01
PHOENIXLTD,INE211B01039,2023-04-28,NSE,EQ,EQ,buy,false,14.000000,1419.949951,50956604,1200000005317331,2023-04-28T10:01:01
MINDSPACE,INE0CCU25019,2023-04-28,NSE,EQ,RR,buy,false,2.000000,314.000000,50956608,1200000005317348,2023-04-28T10:01:01
PHOENIXLTD,INE211B01039,2023-04-28,NSE,EQ,EQ,buy,false,2.000000,1419.949951,50956606,1200000005317331,2023-04-28T10:01:01
MINDSPACE,INE0CCU25019,2023-04-28,NSE,EQ,RR,buy,false,93.000000,314.600006,50956609,1200000005317348,2023-04-28T10:01:01
PHOENIXLTD,INE211B01039,2023-04-28,NSE,EQ,EQ,buy,false,2.000000,1419.949951,50956603,1200000005317331,2023-04-28T10:01:01
EMBASSY,INE041025011,2023-04-28,NSE,EQ,RR,buy,false,44.000000,322.609985,26063614,1100000005423206,2023-04-28T10:01:01
JUNIORBEES,INF732E01045,2023-04-28,NSE,EQ,EQ,buy,false,6.000000,415.519989,50993768,1200000005527188,2023-04-28T10:03:36
LIQUIDBEES,INF732E01037,2023-04-28,NSE,EQ,EQ,buy,false,76.000000,1000.010010,50993759,1200000005527187,2023-04-28T10:03:36
JUNIORBEES,INF732E01045,2023-04-28,NSE,EQ,EQ,buy,false,6.000000,415.519989,50993769,1200000005527188,2023-04-28T10:03:36
GOLDBEES,INF204KB17I5,2023-04-28,NSE,EQ,EQ,buy,false,1685.000000,51.310001,26103591,1100000005602390,2023-04-28T10:03:36
JUNIORBEES,INF732E01045,2023-04-28,NSE,EQ,EQ,buy,false,12.000000,415.519989,50993767,1200000005527188,2023-04-28T10:03:36
JUNIORBEES,INF732E01045,2023-04-28,NSE,EQ,EQ,buy,false,15.000000,415.510010,50993766,1200000005527188,2023-04-28T10:03:36
JUNIORBEES,INF732E01045,2023-04-28,NSE,EQ,EQ,buy,false,3.000000,415.500000,50993765,1200000005527188,2023-04-28T10:03:36
JUNIORBEES,INF732E01045,2023-04-28,NSE,EQ,EQ,buy,false,12.000000,415.489990,50993764,1200000005527188,2023-04-28T10:03:36
JUNIORBEES,INF732E01045,2023-04-28,NSE,EQ,EQ,buy,false,10.000000,415.480011,50993763,1200000005527188,2023-04-28T10:03:36
JUNIORBEES,INF732E01045,2023-04-28,NSE,EQ,EQ,buy,false,9.000000,415.450012,50993762,1200000005527188,2023-04-28T10:03:36
JUNIORBEES,INF732E01045,2023-04-28,NSE,EQ,EQ,buy,false,8.000000,415.380005,50993761,1200000005527188,2023-04-28T10:03:36
JUNIORBEES,INF732E01045,2023-04-28,NSE,EQ,EQ,buy,false,94.000000,415.369995,50993760,1200000005527188,2023-04-28T10:03:36
NIFTYBEES,INF204KB14I2,2023-04-28,NSE,EQ,EQ,buy,false,295.000000,196.110001,50993770,1200000005527191,2023-04-28T10:03:36
INFY,INE009A01021,2023-04-28,NSE,EQ,EQ,buy,false,1.000000,1250.050049,26136508,1100000005759702,2023-04-28T10:05:41
ASTRAL,INE006I01046,2023-04-28,NSE,EQ,EQ,buy,false,5.000000,1416.000000,919147,1000000005624728,2023-04-28T10:05:41
PERSISTENT,INE262H01013,2023-04-28,NSE,EQ,EQ,buy,false,2.000000,4695.000000,51021601,1200000005682791,2023-04-28T10:05:41
LAOPALA,INE059D01020,2023-04-28,NSE,EQ,EQ,buy,false,7.000000,373.450012,51021603,1200000005682801,2023-04-28T10:05:41
RELIANCE,INE002A01018,2023-04-28,NSE,EQ,EQ,buy,false,3.000000,2402.550049,76334110,1300000006132723,2023-04-28T10:05:41
HINDUNILVR,INE030A01027,2023-04-28,NSE,EQ,EQ,buy,false,4.000000,2425.050049,26136510,1100000005759710,2023-04-28T10:05:41
ITC,INE154A01025,2023-04-28,NSE,EQ,EQ,buy,false,14.000000,414.299988,26136506,1100000005759701,2023-04-28T10:05:41
ITC,INE154A01025,2023-04-28,NSE,EQ,EQ,buy,false,2.000000,414.299988,26136507,1100000005759701,2023-04-28T10:05:41
MARICO,INE196A01026,2023-04-28,NSE,EQ,EQ,buy,false,17.000000,497.299988,51021606,1200000005682823,2023-04-28T10:05:41
LAOPALA,INE059D01020,2023-04-28,NSE,EQ,EQ,buy,false,10.000000,373.450012,51021602,1200000005682801,2023-04-28T10:05:41
ASIANPAINT,INE021A01026,2023-04-28,NSE,EQ,EQ,buy,false,3.000000,2865.100098,919145,1000000005624725,2023-04-28T10:05:41
REDINGTON,INE891D01026,2023-04-28,NSE,EQ,EQ,buy,false,36.000000,168.250000,76334108,1300000006132722,2023-04-28T10:05:41
INFY,INE009A01021,2023-04-28,NSE,EQ,EQ,buy,false,8.000000,1250.050049,26136509,1100000005759702,2023-04-28T10:05:41
PIDILITIND,INE318A01026,2023-04-28,NSE,EQ,EQ,buy,false,3.000000,2393.449951,51021605,1200000005682813,2023-04-28T10:05:41
REDINGTON,INE891D01026,2023-04-28,NSE,EQ,EQ,buy,false,12.000000,168.250000,76334109,1300000006132722,2023-04-28T10:05:41
HDFC,INE001A01036,2023-04-28,NSE,EQ,EQ,buy,false,2.000000,2765.899902,26136512,1100000005759711,2023-04-28T10:05:41
VOLTAS,INE226A01021,2023-04-28,NSE,EQ,EQ,buy,false,20.000000,779.849976,76453296,1300000006731727,2023-04-28T10:13:25
TATACONSUM,INE192A01025,2023-04-28,NSE,EQ,EQ,buy,false,17.000000,753.799988,76453295,1300000006731723,2023-04-28T10:13:25
TCS,INE467B01029,2023-04-28,NSE,EQ,EQ,buy,false,6.000000,3204.100098,76453290,1300000006731708,2023-04-28T10:13:25
TITAN,INE280A01028,2023-04-28,NSE,EQ,EQ,buy,false,4.000000,2661.350098,76453289,1300000006731707,2023-04-28T10:13:25
TATAPOWER,INE245A01021,2023-04-28,NSE,EQ,EQ,buy,false,54.000000,200.250000,76453294,1300000006731718,2023-04-28T10:13:25
INDHOTEL,INE053A01029,2023-04-28,NSE,EQ,EQ,buy,false,27.000000,345.500000,26249322,1100000006343497,2023-04-28T10:13:25
TATACHEM,INE092A01019,2023-04-28,NSE,EQ,EQ,buy,false,12.000000,954.000000,76453291,1300000006731709,2023-04-28T10:13:25
TATASTEEL,INE081A01020,2023-04-28,NSE,EQ,EQ,buy,false,96.000000,107.800003,76453288,1300000006731703,2023-04-28T10:13:25
MON100,INF247L01AP3,2023-04-28,NSE,EQ,EQ,buy,false,2.000000,104.290001,51183085,1200000006644286,2023-04-28T10:17:17
MON100,INF247L01AP3,2023-04-28,NSE,EQ,EQ,buy,false,81.000000,104.300003,51183089,1200000006644286,2023-04-28T10:17:17
MON100,INF247L01AP3,2023-04-28,NSE,EQ,EQ,buy,false,628.000000,104.290001,51183086,1200000006644286,2023-04-28T10:17:17
MON100,INF247L01AP3,2023-04-28,NSE,EQ,EQ,buy,false,40.000000,104.290001,51183084,1200000006644286,2023-04-28T10:17:17
MON100,INF247L01AP3,2023-04-28,NSE,EQ,EQ,buy,false,242.000000,104.290001,51183087,1200000006644286,2023-04-28T10:17:17
MON100,INF247L01AP3,2023-04-28,NSE,EQ,EQ,buy,false,7.000000,104.290001,51183088,1200000006644286,2023-04-28T10:17:17
MON100,INF247L01AP3,2023-04-28,NSE,EQ,EQ,buy,false,5.000000,104.300003,51189020,1200000006681453,2023-04-28T10:17:50
MON100,INF247L01AP3,2023-04-28,NSE,EQ,EQ,buy,false,44.000000,104.330002,51189022,1200000006681453,2023-04-28T10:17:50
MON100,INF247L01AP3,2023-04-28,NSE,EQ,EQ,buy,false,1.000000,104.300003,51189021,1200000006681453,2023-04-28T10:17:50
GOLDBEES,INF204KB17I5,2023-05-02,NSE,EQ,EQ,sell,false,10.000000,51.209999,26408555,1100000006110387,2023-05-02T10:00:27
GOLDBEES,INF204KB17I5,2023-05-02,NSE,EQ,EQ,sell,false,416.000000,51.209999,26408554,1100000006110387,2023-05-02T10:00:27
GOLDBEES,INF204KB17I5,2023-05-02,NSE,EQ,EQ,sell,false,146.000000,51.200001,26408556,1100000006110387,2023-05-02T10:00:27
AKZOINDIA,INE133A01011,2023-05-02,NSE,EQ,EQ,buy,false,12.000000,2430.000000,1066206,1000000005340680,2023-05-02T10:00:29
NEOGEN,INE136S01016,2023-05-08,NSE,EQ,EQ,sell,false,4.000000,1503.199951,50537616,1200000002663316,2023-05-08T09:31:03
NEOGEN,INE136S01016,2023-05-08,NSE,EQ,EQ,sell,false,3.000000,1503.199951,50537617,1200000002663316,2023-05-08T09:31:03
NEOGEN,INE136S01016,2023-05-08,NSE,EQ,EQ,sell,false,4.000000,1503.150024,50537618,1200000002663316,2023-05-08T09:31:03
LIQUIDBEES,INF732E01037,2023-05-08,NSE,EQ,EQ,sell,false,10.000000,999.989990,50537615,1200000002663314,2023-05-08T09:31:03
TECHNOE,INE285K01026,2023-05-08,NSE,EQ,EQ,buy,false,27.000000,388.000000,75497719,1300000002223117,2023-05-08T09:31:05
TECHNOE,INE285K01026,2023-05-08,NSE,EQ,EQ,buy,false,8.000000,387.950012,75497718,1300000002223117,2023-05-08T09:31:05
IONEXCHANG,INE570A01014,2023-05-08,NSE,EQ,EQ,buy,false,5.000000,3744.000000,25594537,1100000002958280,2023-05-08T09:31:05
SBCL,INE386D01027,2023-05-18,NSE,EQ,EQ,sell,false,4.000000,542.049988,75344186,1300000001730038,2023-05-18T09:25:02
LIQUIDBEES,INF732E01037,2023-05-18,NSE,EQ,EQ,sell,false,17.000000,999.989990,50367871,1200000001866991,2023-05-18T09:25:02
APARINDS,INE372A01015,2023-05-18,NSE,EQ,EQ,sell,false,3.000000,2770.050049,321671,1000000001666771,2023-05-18T09:25:02
SBCL,INE386D01027,2023-05-18,NSE,EQ,EQ,sell,false,3.000000,542.000000,75344187,1300000001730038,2023-05-18T09:25:02
GREAVESCOT,INE224A01026,2023-05-18,NSE,EQ,EQ,buy,false,40.000000,154.949997,25349685,1100000001853766,2023-05-18T09:25:04
SHAKTIPUMP,INE908D01010,2023-05-18,NSE,EQ,EQ,buy,false,19.000000,567.450012,75344859,1300000001733861,2023-05-18T09:25:04
GREAVESCOT,INE224A01026,2023-05-18,NSE,EQ,EQ,buy,false,52.000000,154.949997,25349684,1100000001853766,2023-05-18T09:25:04
MON100,INF247L01AP3,2023-05-30,BSE,EQ,E,buy,false,99.000000,115.000000,34400,1685418300079000693,2023-05-30T09:25:59
MON100,INF247L01AP3,2023-05-30,BSE,EQ,E,buy,false,256.000000,115.000000,34600,1685418300079000693,2023-05-30T09:26:21
MON100,INF247L01AP3,2023-05-30,BSE,EQ,E,buy,false,50.000000,115.000000,35200,1685418300079000693,2023-05-30T09:26:40
MON100,INF247L01AP3,2023-05-30,BSE,EQ,E,buy,false,200.000000,115.000000,36200,1685418300079000693,2023-05-30T09:27:31
GREAVESCOT,INE224A01026,2023-05-30,NSE,EQ,EQ,sell,false,92.000000,131.750000,25445044,1100000002397383,2023-05-30T09:27:36
LIQUIDBEES,INF732E01037,2023-05-30,NSE,EQ,EQ,buy,false,14.000000,1000.000000,50366975,1200000002004574,2023-05-30T09:27:38
MON100,INF247L01AP3,2023-05-30,BSE,EQ,E,buy,false,38.000000,115.059998,43500,1685418300079000770,2023-05-30T09:29:51
MON100,INF247L01AP3,2023-05-30,BSE,EQ,E,buy,false,962.000000,115.050003,43300,1685418300079000770,2023-05-30T09:29:51
PRAJIND,INE074A01025,2023-05-30,NSE,EQ,EQ,buy,false,5.000000,390.750000,50436992,1200000002388021,2023-05-30T09:31:16
SBCL,INE386D01027,2023-05-30,NSE,EQ,EQ,buy,false,10.000000,528.900024,75514804,1300000002402973,2023-05-30T09:31:16
SHAKTIPUMP,INE908D01010,2023-05-30,NSE,EQ,EQ,buy,false,4.000000,520.849976,75514835,1300000002403213,2023-05-30T09:31:16
SANGHVIMOV,INE989A01024,2023-05-30,NSE,EQ,EQ,buy,false,9.000000,404.799988,75514805,1300000002402976,2023-05-30T09:31:16
SWSOLAR,INE00M201021,2023-05-30,NSE,EQ,EQ,buy,false,16.000000,278.149994,75514843,1300000002403233,2023-05-30T09:31:16
APARINDS,INE372A01015,2023-05-30,NSE,EQ,EQ,buy,false,1.000000,2732.350098,421774,1000000002400935,2023-05-30T09:31:16
KSB,INE999A01015,2023-05-30,NSE,EQ,EQ,buy,false,2.000000,2190.000000,50437045,1200000002388270,2023-05-30T09:31:16
FIEMIND,INE737H01014,2023-05-30,NSE,EQ,EQ,buy,false,1.000000,1844.750000,25533254,1100000002870650,2023-05-30T09:31:16
GANECOS,INE845D01014,2023-05-30,NSE,EQ,EQ,buy,false,2.000000,978.450012,25533252,1100000002870644,2023-05-30T09:31:16
BORORENEW,INE666D01022,2023-05-30,NSE,EQ,EQ,buy,false,4.000000,517.000000,421742,1000000002400731,2023-05-30T09:31:16
TECHNOE,INE285K01026,2023-05-30,NSE,EQ,EQ,buy,false,7.000000,375.750000,75514806,1300000002402987,2023-05-30T09:31:16
LIQUIDBEES,INF732E01037,2023-05-30,NSE,EQ,EQ,buy,false,2.000000,1000.000000,50437046,1200000002388271,2023-05-30T09:31:16
GRAVITA,INE024L01027,2023-05-30,NSE,EQ,EQ,buy,false,2.000000,574.299988,25533251,1100000002870638,2023-05-30T09:31:16
GRAVITA,INE024L01027,2023-05-30,NSE,EQ,EQ,buy,false,1.000000,574.299988,25533250,1100000002870638,2023-05-30T09:31:16
PITTIENG,INE450D01021,2023-05-30,NSE,EQ,EQ,buy,false,2.000000,344.600006,50436990,1200000002388008,2023-05-30T09:31:16
MTARTECH,INE864I01014,2023-05-30,NSE,EQ,EQ,buy,false,2.000000,1891.449951,50436994,1200000002388023,2023-05-30T09:31:16
KPITTECH,INE04I401011,2023-05-30,NSE,EQ,EQ,buy,false,3.000000,999.799988,50436995,1200000002388025,2023-05-30T09:31:16
PENIND,INE932A01024,2023-05-30,NSE,EQ,EQ,buy,false,58.000000,69.199997,50437044,1200000002388269,2023-05-30T09:31:16
KIRLOSENG,INE146L01010,2023-05-30,NSE,EQ,EQ,buy,false,9.000000,395.649994,50456534,1200000002491107,2023-05-30T09:32:12
ZYDUSLIFE,INE010B01027,2023-05-30,NSE,EQ,EQ,buy,false,2.000000,513.650024,436958,1000000002486531,2023-05-30T09:32:12
ASTERDM,INE914M01019,2023-05-30,NSE,EQ,EQ,buy,false,17.000000,258.250000,436956,1000000002486529,2023-05-30T09:32:12
HGINFRA,INE926X01010,2023-05-30,NSE,EQ,EQ,buy,false,2.000000,921.500000,25551191,1100000002984628,2023-05-30T09:32:12
ZYDUSLIFE,INE010B01027,2023-05-30,NSE,EQ,EQ,buy,false,7.000000,513.599976,436957,1000000002486531,2023-05-30T09:32:12
ITC,INE154A01025,2023-05-30,NSE,EQ,EQ,buy,false,6.000000,443.600006,25551193,1100000002984633,2023-05-30T09:32:12
JKLAKSHMI,INE786A01032,2023-05-30,NSE,EQ,EQ,buy,false,9.000000,680.549988,50456536,1200000002491114,2023-05-30T09:32:12
KIRLOSENG,INE146L01010,2023-05-30,NSE,EQ,EQ,buy,false,1.000000,395.649994,50456533,1200000002491107,2023-05-30T09:32:12
KIRLOSENG,INE146L01010,2023-05-30,NSE,EQ,EQ,buy,false,3.000000,395.649994,50456532,1200000002491107,2023-05-30T09:32:12
INDIANB,INE562A01011,2023-05-30,NSE,EQ,EQ,buy,false,21.000000,275.899994,25551194,1100000002984637,2023-05-30T09:32:12
KARURVYSYA,INE036D01028,2023-05-30,NSE,EQ,EQ,buy,false,44.000000,108.099998,50456535,1200000002491108,2023-05-30T09:32:12
DCBBANK,INE503A01015,2023-05-30,NSE,EQ,EQ,buy,false,26.000000,117.050003,25551195,1100000002984642,2023-05-30T09:32:12
NTPC,INE733E01010,2023-05-30,NSE,EQ,EQ,buy,false,35.000000,177.250000,50456531,1200000002491106,2023-05-30T09:32:12
NCC,INE868B01028,2023-05-30,NSE,EQ,EQ,buy,false,26.000000,114.550003,50456537,1200000002491118,2023-05-30T09:32:12
NCC,INE868B01028,2023-05-30,NSE,EQ,EQ,buy,false,10.000000,114.599998,50456538,1200000002491118,2023-05-30T09:32:12
M&M,INE101A01026,2023-05-30,NSE,EQ,EQ,buy,false,2.000000,1328.800049,50456530,1200000002491104,2023-05-30T09:32:12
APARINDS,INE372A01015,2023-05-30,NSE,EQ,EQ,buy,false,1.000000,2729.500000,436962,1000000002486546,2023-05-30T09:32:12
NIFTYBEES,INF204KB14I2,2023-05-30,NSE,EQ,EQ,buy,false,34.000000,204.490005,50475003,1200000002590366,2023-05-30T09:33:10
JUNIORBEES,INF732E01045,2023-05-30,NSE,EQ,EQ,buy,false,8.000000,444.000000,50475032,1200000002590629,2023-05-30T09:33:10
LIQUIDBEES,INF732E01037,2023-05-30,NSE,EQ,EQ,buy,false,18.000000,1000.000000,50475004,1200000002590368,2023-05-30T09:33:10
GOLDBEES,INF204KB17I5,2023-05-30,NSE,EQ,EQ,buy,false,420.000000,51.130001,25570829,1100000003097049,2023-05-30T09:33:10
LAOPALA,INE059D01020,2023-05-30,NSE,EQ,EQ,buy,false,5.000000,383.700012,50496202,1200000002710515,2023-05-30T09:34:19
REDINGTON,INE891D01026,2023-05-30,NSE,EQ,EQ,buy,false,12.000000,174.350006,75575282,1300000002688158,2023-05-30T09:34:19
MARICO,INE196A01026,2023-05-30,NSE,EQ,EQ,buy,false,1.000000,545.900024,50496208,1200000002710552,2023-05-30T09:34:19
PIDILITIND,INE318A01026,2023-05-30,NSE,EQ,EQ,buy,false,1.000000,2599.699951,50496200,1200000002710511,2023-05-30T09:34:19
RELIANCE,INE002A01018,2023-05-30,NSE,EQ,EQ,buy,false,1.000000,2524.149902,75575281,1300000002688157,2023-05-30T09:34:19
INFY,INE009A01021,2023-05-30,NSE,EQ,EQ,buy,false,1.000000,1318.750000,25592086,1100000003206683,2023-05-30T09:34:19
ITC,INE154A01025,2023-05-30,NSE,EQ,EQ,buy,false,2.000000,443.950012,25592085,1100000003206656,2023-05-30T09:34:19
HDFC,INE001A01036,2023-05-30,NSE,EQ,EQ,buy,false,2.000000,2689.449951,25592087,1100000003206684,2023-05-30T09:34:19
SONATSOFTW,INE269A01021,2023-06-01,NSE,EQ,EQ,sell,false,5.000000,983.299988,75513724,1300000002515398,2023-06-01T09:30:16
GOLDBEES,INF204KB17I5,2023-06-01,NSE,EQ,EQ,sell,false,1767.000000,51.209999,25552333,1100000002972588,2023-06-01T09:30:16
MAZDOCK,INE249Z01012,2023-06-01,NSE,EQ,EQ,buy,false,13.000000,809.950012,50527474,1200000002749242,2023-06-01T09:30:18
FINCABLES,INE235A01022,2023-06-01,NSE,EQ,EQ,buy,false,5.000000,789.599976,25553902,1100000002978104,2023-06-01T09:30:18
MAZDOCK,INE249Z01012,2023-06-01,NSE,EQ,EQ,buy,false,25.000000,809.700012,50527473,1200000002749242,2023-06-01T09:30:18
IDFC,INE043D01016,2023-06-01,NSE,EQ,EQ,buy,false,309.000000,99.150002,25553894,1100000002978069,2023-06-01T09:30:18
FINCABLES,INE235A01022,2023-06-01,NSE,EQ,EQ,buy,false,1.000000,789.599976,25553901,1100000002978104,2023-06-01T09:30:18
CYIENT,INE136B01020,2023-06-02,NSE,EQ,EQ,buy,false,13.000000,1482.949951,910678,1000000004801794,2023-06-02T09:53:04
CYIENT,INE136B01020,2023-06-02,NSE,EQ,EQ,buy,false,8.000000,1482.949951,910679,1000000004801794,2023-06-02T09:53:04
CYIENT,INE136B01020,2023-06-02,NSE,EQ,EQ,buy,false,2.000000,1482.949951,910680,1000000004801794,2023-06-02T09:53:04
DCBBANK,INE503A01015,2023-06-16,NSE,EQ,EQ,sell,false,221.000000,119.099998,26703754,1100000009376671,2023-06-16T10:18:56
KIRLOSENG,INE146L01010,2023-06-16,NSE,EQ,EQ,sell,false,22.000000,414.149994,51557622,1200000008334083,2023-06-16T10:18:56
RKFORGE,INE399G01023,2023-06-16,NSE,EQ,EQ,sell,false,5.000000,422.100006,76388203,1300000006928966,2023-06-16T10:18:56
JKLAKSHMI,INE786A01032,2023-06-16,NSE,EQ,EQ,sell,false,36.000000,723.799988,51557629,1200000008334092,2023-06-16T10:18:56
JKLAKSHMI,INE786A01032,2023-06-16,NSE,EQ,EQ,sell,false,1.000000,723.849976,51557628,1200000008334092,2023-06-16T10:18:56
ASTERDM,INE914M01019,2023-06-16,NSE,EQ,EQ,sell,false,4.000000,293.000000,1074958,1000000006558916,2023-06-16T10:18:56
ASTERDM,INE914M01019,2023-06-16,NSE,EQ,EQ,sell,false,10.000000,293.000000,1074957,1000000006558916,2023-06-16T10:18:56
ASTERDM,INE914M01019,2023-06-16,NSE,EQ,EQ,sell,false,86.000000,293.000000,1074956,1000000006558916,2023-06-16T10:18:56
RKFORGE,INE399G01023,2023-06-16,NSE,EQ,EQ,sell,false,67.000000,422.049988,76388204,1300000006928966,2023-06-16T10:18:56
KIRLOSENG,INE146L01010,2023-06-16,NSE,EQ,EQ,sell,false,4.000000,414.149994,51557623,1200000008334083,2023-06-16T10:18:56
INDIANB,INE562A01011,2023-06-16,NSE,EQ,EQ,sell,false,93.000000,277.450012,26703750,1100000009376665,2023-06-16T10:18:56
KIRLOSENG,INE146L01010,2023-06-16,NSE,EQ,EQ,sell,false,9.000000,414.100006,51557627,1200000008334083,2023-06-16T10:18:56
KIRLOSENG,INE146L01010,2023-06-16,NSE,EQ,EQ,sell,false,4.000000,414.100006,51557626,1200000008334083,2023-06-16T10:18:56
KIRLOSENG,INE146L01010,2023-06-16,NSE,EQ,EQ,sell,false,17.000000,414.100006,51557625,1200000008334083,2023-06-16T10:18:56
KIRLOSENG,INE146L01010,2023-06-16,NSE,EQ,EQ,sell,false,9.000000,414.149994,51557624,1200000008334083,2023-06-16T10:18:56
STYLAMIND,INE239C01020,2023-06-16,NSE,EQ,EQ,buy,false,17.000000,1659.900024,76388549,1300000006931008,2023-06-16T10:18:58
HGINFRA,INE926X01010,2023-06-16,NSE,EQ,EQ,buy,false,6.000000,829.150024,26704318,1100000009380105,2023-06-16T10:18:58
GLENMARK,INE935A01035,2023-06-16,NSE,EQ,EQ,buy,false,42.000000,648.500000,26704314,1100000009380093,2023-06-16T10:18:58
TWL,INE615H01020,2023-06-16,NSE,EQ,EQ,buy,false,64.000000,426.799988,76388550,1300000006931009,2023-06-16T10:18:58
FUSION,INE139R01012,2023-06-16,NSE,EQ,EQ,buy,false,10.000000,528.849976,26704317,1100000009380096,2023-06-16T10:18:58
FUSION,INE139R01012,2023-06-16,NSE,EQ,EQ,buy,false,17.000000,528.849976,26704316,1100000009380096,2023-06-16T10:18:58
FUSION,INE139R01012,2023-06-16,NSE,EQ,EQ,buy,false,25.000000,528.500000,26704315,1100000009380096,2023-06-16T10:18:58
HDFC,INE001A01036,2023-06-16,NSE,EQ,EQ,sell,false,4.000000,2639.350098,26750467,1100000009645896,2023-06-16T10:21:36
HDFC,INE001A01036,2023-06-16,NSE,EQ,EQ,sell,false,1.000000,2639.350098,26750468,1100000009645896,2023-06-16T10:21:36
HDFC,INE001A01036,2023-06-16,NSE,EQ,EQ,sell,false,1.000000,2639.350098,26750469,1100000009645896,2023-06-16T10:21:36
HDFC,INE001A01036,2023-06-16,NSE,EQ,EQ,sell,false,8.000000,2639.350098,26750470,1100000009645896,2023-06-16T10:21:36
PIDILITIND,INE318A01026,2023-06-16,NSE,EQ,EQ,sell,false,2.000000,2694.649902,51600411,1200000008571308,2023-06-16T10:21:36
ASTRAL,INE006I01046,2023-06-16,NSE,EQ,EQ,sell,false,5.000000,1978.449951,1102187,1000000006748560,2023-06-16T10:21:36
ASTRAL,INE006I01046,2023-06-16,NSE,EQ,EQ,sell,false,1.000000,1978.500000,1102186,1000000006748560,2023-06-16T10:21:36
SUNDARMFIN,INE660A01013,2023-06-16,NSE,EQ,EQ,buy,false,5.000000,2595.000000,76424013,1300000007121684,2023-06-16T10:21:38
SUNDARMFIN,INE660A01013,2023-06-16,NSE,EQ,EQ,buy,false,1.000000,2595.000000,76424015,1300000007121684,2023-06-16T10:21:38
SUNDARMFIN,INE660A01013,2023-06-16,NSE,EQ,EQ,buy,false,1.000000,2595.000000,76424014,1300000007121684,2023-06-16T10:21:38
SUNDARMFIN,INE660A01013,2023-06-16,NSE,EQ,EQ,buy,false,2.000000,2595.000000,76424016,1300000007121684,2023-06-16T10:21:38
SUNDARMFIN,INE660A01013,2023-06-16,NSE,EQ,EQ,buy,false,5.000000,2595.000000,76424012,1300000007121684,2023-06-16T10:21:38
MINDACORP,INE842C01021,2023-06-19,NSE,EQ,EQ,buy,false,96.000000,292.200012,51846345,1200000010267680,2023-06-19T10:37:51
FINCABLES,INE235A01022,2023-06-19,NSE,EQ,EQ,buy,false,31.000000,865.349976,26953825,1100000011089134,2023-06-19T10:37:51
SCHAEFFLER,INE513A01022,2023-06-19,NSE,EQ,EQ,buy,false,5.000000,3206.600098,76705755,1300000008786270,2023-06-19T10:40:05
SCHAEFFLER,INE513A01022,2023-06-19,NSE,EQ,EQ,buy,false,6.000000,3208.550049,76705756,1300000008786270,2023-06-19T10:40:05
MON100,INF247L01AP3,2023-06-30,NSE,EQ,EQ,buy,false,1000.000000,119.099998,50420237,1200000001975683,2023-06-30T09:25:52
INGERRAND,INE177A01018,2023-06-30,NSE,EQ,EQ,buy,false,1.000000,2939.000000,25544299,1100000002575482,2023-06-30T09:27:36
AKZOINDIA,INE133A01011,2023-06-30,NSE,EQ,EQ,buy,false,3.000000,2442.149902,466368,1000000002302101,2023-06-30T09:27:36
AKZOINDIA,INE133A01011,2023-06-30,NSE,EQ,EQ,buy,false,3.000000,2442.149902,466367,1000000002302101,2023-06-30T09:27:36
SONATSOFTW,INE269A01021,2023-06-30,NSE,EQ,EQ,buy,false,1.000000,1013.799988,75497975,1300000002258772,2023-06-30T09:27:36
SONATSOFTW,INE269A01021,2023-06-30,NSE,EQ,EQ,buy,false,10.000000,1014.099976,75497976,1300000002258772,2023-06-30T09:27:36
FINCABLES,INE235A01022,2023-06-30,NSE,EQ,EQ,buy,false,1.000000,811.299988,25544306,1100000002575504,2023-06-30T09:27:36
FINCABLES,INE235A01022,2023-06-30,NSE,EQ,EQ,buy,false,13.000000,811.250000,25544305,1100000002575504,2023-06-30T09:27:36
IDFC,INE043D01016,2023-06-30,NSE,EQ,EQ,buy,false,94.000000,103.050003,25544303,1100000002575500,2023-06-30T09:27:36
IDFC,INE043D01016,2023-06-30,NSE,EQ,EQ,buy,false,23.000000,103.050003,25544304,1100000002575500,2023-06-30T09:27:36
TRITURBINE,INE152M01016,2023-06-30,NSE,EQ,EQ,buy,false,20.000000,400.549988,75497980,1300000002258775,2023-06-30T09:27:36
TRITURBINE,INE152M01016,2023-06-30,NSE,EQ,EQ,buy,false,7.000000,400.649994,75497981,1300000002258775,2023-06-30T09:27:36
GPPL,INE517F01014,2023-06-30,NSE,EQ,EQ,buy,false,88.000000,122.849998,25544295,1100000002575479,2023-06-30T09:27:36
EXIDEIND,INE302A01020,2023-06-30,NSE,EQ,EQ,buy,false,33.000000,234.149994,25544307,1100000002575514,2023-06-30T09:27:36
CYIENT,INE136B01020,2023-06-30,NSE,EQ,EQ,buy,false,6.000000,1479.250000,466365,1000000002302090,2023-06-30T09:27:36
INGERRAND,INE177A01018,2023-06-30,NSE,EQ,EQ,buy,false,1.000000,2939.050049,25544300,1100000002575482,2023-06-30T09:27:36
INGERRAND,INE177A01018,2023-06-30,NSE,EQ,EQ,buy,false,1.000000,2939.100098,25544301,1100000002575482,2023-06-30T09:27:36
INGERRAND,INE177A01018,2023-06-30,NSE,EQ,EQ,buy,false,1.000000,2939.100098,25544302,1100000002575482,2023-06-30T09:27:36
PITTIENG,INE450D01021,2023-06-30,NSE,EQ,EQ,buy,false,2.000000,374.000000,50496740,1200000002385442,2023-06-30T09:29:02
BBL,INE464A01028,2023-06-30,NSE,EQ,EQ,buy,false,1.000000,3013.699951,495992,1000000002485400,2023-06-30T09:29:02
SWSOLAR,INE00M201021,2023-06-30,NSE,EQ,EQ,buy,false,5.000000,291.200012,75533362,1300000002443651,2023-06-30T09:29:02
PRAJIND,INE074A01025,2023-06-30,NSE,EQ,EQ,buy,false,7.000000,379.549988,50496727,1200000002385321,2023-06-30T09:29:02
KPITTECH,INE04I401011,2023-06-30,NSE,EQ,EQ,buy,false,1.000000,1086.300049,50496736,1200000002385410,2023-06-30T09:29:02
TECHNOE,INE285K01026,2023-06-30,NSE,EQ,EQ,buy,false,4.000000,368.600006,75533346,1300000002443565,2023-06-30T09:29:02
PENIND,INE932A01024,2023-06-30,NSE,EQ,EQ,buy,false,7.000000,77.849998,50496735,1200000002385402,2023-06-30T09:29:02
MTARTECH,INE864I01014,2023-06-30,NSE,EQ,EQ,buy,false,1.000000,1941.050049,50496725,1200000002385302,2023-06-30T09:29:02
IONEXCHANG,INE570A01022,2023-06-30,NSE,EQ,EQ,buy,false,5.000000,423.899994,25581703,1100000002774760,2023-06-30T09:29:02
GANECOS,INE845D01014,2023-06-30,NSE,EQ,EQ,buy,false,1.000000,1110.849976,25581710,1100000002774777,2023-06-30T09:29:02
KSB,INE999A01015,2023-06-30,NSE,EQ,EQ,buy,false,1.000000,2162.149902,50496733,1200000002385375,2023-06-30T09:29:02
KSB,INE999A01015,2023-06-30,NSE,EQ,EQ,buy,false,1.000000,2162.149902,50496734,1200000002385375,2023-06-30T09:29:02
BORORENEW,INE666D01022,2023-06-30,NSE,EQ,EQ,buy,false,5.000000,511.700012,495993,1000000002485412,2023-06-30T09:29:02
GRAVITA,INE024L01027,2023-06-30,NSE,EQ,EQ,buy,false,2.000000,615.950012,25581701,1100000002774757,2023-06-30T09:29:02
FIEMIND,INE737H01014,2023-06-30,NSE,EQ,EQ,buy,false,2.000000,1751.849976,25581700,1100000002774752,2023-06-30T09:29:02
TECHNOE,INE285K01026,2023-06-30,NSE,EQ,EQ,buy,false,3.000000,368.600006,75533347,1300000002443565,2023-06-30T09:29:02
TRITURBINE,INE152M01016,2023-06-30,NSE,EQ,EQ,buy,false,5.000000,400.850006,75533354,1300000002443597,2023-06-30T09:29:02
LIQUIDBEES,INF732E01037,2023-06-30,NSE,EQ,EQ,buy,false,3.000000,1000.000000,50496739,1200000002385437,2023-06-30T09:29:02
LIQUIDBEES,INF732E01037,2023-07-03,NSE,EQ,EQ,sell,false,49.000000,999.989990,41636897,1200000008053196,2023-07-03T10:25:58
NIFTYBEES,INF204KB14I2,2023-07-03,NSE,EQ,EQ,buy,false,55.000000,212.089996,41637426,1200000008056220,2023-07-03T10:26:00
JUNIORBEES,INF732E01045,2023-07-04,NSE,EQ,EQ,buy,false,4.000000,464.540009,40713593,1200000004011471,2023-07-04T09:41:27
JUNIORBEES,INF732E01045,2023-07-04,NSE,EQ,EQ,buy,false,75.000000,464.549988,40713594,1200000004011471,2023-07-04T09:41:27
IONEXCHANG,INE570A01022,2023-07-25,NSE,EQ,EQ,sell,false,12.000000,602.250000,22748878,1100000014818428,2023-07-25T11:25:02
LIQUIDBEES,INF732E01037,2023-07-25,NSE,EQ,EQ,sell,false,19.000000,1000.000000,42498776,1200000014530321,2023-07-25T11:25:02
GANECOS,INE845D01014,2023-07-25,NSE,EQ,EQ,buy,false,5.000000,1050.550049,22749615,1100000014821814,2023-07-25T11:25:04
INOXWIND,INE066P01011,2023-07-25,NSE,EQ,EQ,buy,false,73.000000,212.899994,22749616,1100000014821817,2023-07-25T11:25:04
TRITURBINE,INE152M01016,2023-07-31,NSE,EQ,EQ,buy,false,24.000000,401.399994,60060574,1300000000297451,2023-07-31T09:15:02
PERSISTENT,INE262H01013,2023-07-31,NSE,EQ,EQ,buy,false,1.000000,4737.000000,40041813,1200000000237956,2023-07-31T09:15:02
BRIGADE,INE791I01019,2023-07-31,NSE,EQ,EQ,buy,false,6.000000,583.750000,24184,1000000000183671,2023-07-31T09:15:02
BORORENEW,INE666D01022,2023-07-31,NSE,EQ,EQ,buy,false,8.000000,489.000000,24089,1000000000183488,2023-07-31T09:15:02
CYIENT,INE136B01020,2023-07-31,NSE,EQ,EQ,buy,false,5.000000,1473.849976,24183,1000000000183670,2023-07-31T09:15:02
GANECOS,INE845D01014,2023-07-31,NSE,EQ,EQ,buy,false,3.000000,1045.000000,20042913,1100000000272455,2023-07-31T09:15:02
EXIDEIND,INE302A01020,2023-07-31,NSE,EQ,EQ,buy,false,11.000000,252.649994,20044523,1100000000276584,2023-07-31T09:15:02
ITC,INE154A01025,2023-07-31,NSE,EQ,EQ,buy,false,9.000000,469.399994,20044518,1100000000276582,2023-07-31T09:15:02
EXIDEIND,INE302A01020,2023-07-31,NSE,EQ,EQ,buy,false,15.000000,252.500000,20044522,1100000000276584,2023-07-31T09:15:02
NCC,INE868B01028,2023-07-31,NSE,EQ,EQ,buy,false,12.000000,150.949997,40039821,1200000000233352,2023-07-31T09:15:02
FINCABLES,INE235A01022,2023-07-31,NSE,EQ,EQ,buy,false,2.000000,1058.099976,20043029,1100000000272703,2023-07-31T09:15:02
SBCL,INE386D01027,2023-07-31,NSE,EQ,EQ,buy,false,3.000000,725.000000,60060572,1300000000297445,2023-07-31T09:15:02
NTPC,INE733E01010,2023-07-31,NSE,EQ,EQ,buy,false,22.000000,212.149994,40039820,1200000000233351,2023-07-31T09:15:02
GRAVITA,INE024L01027,2023-07-31,NSE,EQ,EQ,buy,false,2.000000,670.099976,20042911,1100000000272453,2023-07-31T09:15:02
ITC,INE154A01025,2023-07-31,NSE,EQ,EQ,buy,false,7.000000,469.399994,20044519,1100000000276582,2023-07-31T09:15:02
PRESTIGE,INE811K01011,2023-07-31,NSE,EQ,EQ,buy,false,4.000000,593.599976,40039826,1200000000233356,2023-07-31T09:15:02
FUSION,INE139R01012,2023-07-31,NSE,EQ,EQ,buy,false,1.000000,670.900024,20043028,1100000000272702,2023-07-31T09:15:02
MINDSPACE,INE0CCU25019,2023-07-31,NSE,EQ,RR,buy,false,27.000000,304.269989,40039825,1200000000233355,2023-07-31T09:15:02
MINDACORP,INE842C01021,2023-07-31,NSE,EQ,EQ,buy,false,18.000000,310.049988,40039951,1200000000233599,2023-07-31T09:15:02
GPPL,INE517F01014,2023-07-31,NSE,EQ,EQ,buy,false,35.000000,120.250000,20044521,1100000000276583,2023-07-31T09:15:02
HGINFRA,INE926X01010,2023-07-31,NSE,EQ,EQ,buy,false,3.000000,940.349976,20042916,1100000000272458,2023-07-31T09:15:02
GPPL,INE517F01014,2023-07-31,NSE,EQ,EQ,buy,false,58.000000,120.250000,20044520,1100000000276583,2023-07-31T09:15:02
ZYDUSLIFE,INE010B01027,2023-07-31,NSE,EQ,EQ,buy,false,4.000000,641.000000,24090,1000000000183490,2023-07-31T09:15:02
EMBASSY,INE041025011,2023-07-31,NSE,EQ,RR,buy,false,28.000000,311.320007,20043030,1100000000272705,2023-07-31T09:15:02
KSB,INE999A01015,2023-07-31,NSE,EQ,EQ,buy,false,2.000000,2258.000000,40039945,1200000000233590,2023-07-31T09:15:02
FIEMIND,INE737H01014,2023-07-31,NSE,EQ,EQ,buy,false,2.000000,1898.800049,20044515,1100000000276578,2023-07-31T09:15:02
KPITTECH,INE04I401011,2023-07-31,NSE,EQ,EQ,buy,false,4.000000,1078.599976,40039819,1200000000233350,2023-07-31T09:15:02
IONEXCHANG,INE570A01022,2023-07-31,NSE,EQ,EQ,buy,false,9.000000,526.000000,20044516,1100000000276579,2023-07-31T09:15:02
TDPOWERSYS,INE419M01027,2023-07-31,NSE,EQ,EQ,buy,false,4.000000,261.399994,60060476,1300000000297217,2023-07-31T09:15:02
PRAJIND,INE074A01025,2023-07-31,NSE,EQ,EQ,buy,false,4.000000,421.399994,40039944,1200000000233589,2023-07-31T09:15:02
PITTIENG,INE450D01021,2023-07-31,NSE,EQ,EQ,buy,false,6.000000,483.000000,40041768,1200000000237876,2023-07-31T09:15:02
MTARTECH,INE864I01014,2023-07-31,NSE,EQ,EQ,buy,false,2.000000,2139.899902,40041808,1200000000237952,2023-07-31T09:15:02
M&M,INE101A01026,2023-07-31,NSE,EQ,EQ,buy,false,1.000000,1473.449951,40041809,1200000000237953,2023-07-31T09:15:02
TRITURBINE,INE152M01016,2023-07-31,NSE,EQ,EQ,buy,false,10.000000,401.500000,60062488,1300000000301622,2023-07-31T09:15:02
SUNDARMFIN,INE660A01013,2023-07-31,NSE,EQ,EQ,buy,false,1.000000,2662.800049,60060484,1300000000297223,2023-07-31T09:15:02
SHAKTIPUMP,INE908D01010,2023-07-31,NSE,EQ,EQ,buy,false,7.000000,738.000000,60060573,1300000000297446,2023-07-31T09:15:02
SONATSOFTW,INE269A01021,2023-07-31,NSE,EQ,EQ,buy,false,6.000000,1057.400024,60062634,1300000000301721,2023-07-31T09:15:02
OBEROIRLTY,INE093I01010,2023-07-31,NSE,EQ,EQ,buy,false,2.000000,1123.949951,40041811,1200000000237954,2023-07-31T09:15:02
GLENMARK,INE935A01035,2023-07-31,NSE,EQ,EQ,buy,false,1.000000,811.000000,20044517,1100000000276580,2023-07-31T09:15:02
PIDILITIND,INE318A01026,2023-07-31,NSE,EQ,EQ,buy,false,1.000000,2624.899902,40041812,1200000000237955,2023-07-31T09:15:02
PHOENIXLTD,INE211B01039,2023-07-31,NSE,EQ,EQ,buy,false,2.000000,1699.800049,40039824,1200000000233354,2023-07-31T09:15:02
PITTIENG,INE450D01021,2023-07-31,NSE,EQ,EQ,buy,false,5.000000,482.950012,40041767,1200000000237876,2023-07-31T09:15:02
M&M,INE101A01026,2023-07-31,NSE,EQ,EQ,buy,false,4.000000,1473.949951,40041810,1200000000237953,2023-07-31T09:15:02
STYLAMIND,INE239C01020,2023-07-31,NSE,EQ,EQ,buy,false,5.000000,1619.949951,60062633,1300000000301720,2023-07-31T09:15:02
DLF,INE271C01023,2023-07-31,NSE,EQ,EQ,buy,false,2.000000,516.849976,20044524,1100000000276585,2023-07-31T09:15:02
INOXWIND,INE066P01011,2023-07-31,NSE,EQ,EQ,buy,false,5.000000,216.600006,20043026,1100000000272698,2023-07-31T09:15:02
SCHAEFFLER,INE513A01022,2023-07-31,NSE,EQ,EQ,buy,false,2.000000,3088.949951,60060575,1300000000297452,2023-07-31T09:15:02
KARURVYSYA,INE036D01028,2023-07-31,NSE,EQ,EQ,buy,false,46.000000,124.599998,40039946,1200000000233591,2023-07-31T09:15:02
IDFC,INE043D01016,2023-07-31,NSE,EQ,EQ,buy,false,39.000000,116.500000,20042917,1100000000272459,2023-07-31T09:15:02
INGERRAND,INE177A01018,2023-07-31,NSE,EQ,EQ,buy,false,1.000000,2909.199951,20042919,1100000000272461,2023-07-31T09:15:02
ASTRAL,INE006I01046,2023-07-31,NSE,EQ,EQ,buy,false,2.000000,1917.949951,24185,1000000000183672,2023-07-31T09:15:02
MON100,INF247L01AP3,2023-07-31,NSE,EQ,EQ,buy,false,280.000000,126.099998,40711258,1200000003352102,2023-07-31T09:29:15
MON100,INF247L01AP3,2023-07-31,NSE,EQ,EQ,buy,false,160.000000,126.089996,40711257,1200000003352102,2023-07-31T09:29:15
MAZDOCK,INE249Z01012,2023-08-01,NSE,EQ,EQ,sell,false,9.000000,1885.800049,40602314,1200000002960696,2023-08-01T09:27:43
INGERRAND,INE177A01018,2023-08-01,NSE,EQ,EQ,sell,false,6.000000,2805.850098,20636459,1100000002924244,2023-08-01T09:27:43
INGERRAND,INE177A01018,2023-08-01,NSE,EQ,EQ,sell,false,1.000000,2805.850098,20636458,1100000002924244,2023-08-01T09:27:43
INGERRAND,INE177A01018,2023-08-01,NSE,EQ,EQ,sell,false,2.000000,2805.800049,20636460,1100000002924244,2023-08-01T09:27:43
INGERRAND,INE177A01018,2023-08-01,NSE,EQ,EQ,sell,false,2.000000,2805.850098,20636457,1100000002924244,2023-08-01T09:27:43
INGERRAND,INE177A01018,2023-08-01,NSE,EQ,EQ,sell,false,5.000000,2805.800049,20636461,1100000002924244,2023-08-01T09:27:43
BLUESTARCO,INE472A01039,2023-08-02,NSE,EQ,EQ,buy,false,13.000000,781.099976,790160,1000000004705369,2023-08-02T09:41:16
BLUESTARCO,INE472A01039,2023-08-02,NSE,EQ,EQ,buy,false,1.000000,781.099976,790159,1000000004705369,2023-08-02T09:41:16
BLUESTARCO,INE472A01039,2023-08-02,NSE,EQ,EQ,buy,false,3.000000,781.000000,790155,1000000004705369,2023-08-02T09:41:16
BLUESTARCO,INE472A01039,2023-08-02,NSE,EQ,EQ,buy,false,1.000000,781.000000,790156,1000000004705369,2023-08-02T09:41:16
BLUESTARCO,INE472A01039,2023-08-02,NSE,EQ,EQ,buy,false,3.000000,780.950012,790154,1000000004705369,2023-08-02T09:41:16
BLUESTARCO,INE472A01039,2023-08-02,NSE,EQ,EQ,buy,false,13.000000,781.049988,790157,1000000004705369,2023-08-02T09:41:16
BLUESTARCO,INE472A01039,2023-08-02,NSE,EQ,EQ,buy,false,9.000000,781.049988,790158,1000000004705369,2023-08-02T09:41:16
BLUESTARCO,INE472A01039,2023-08-02,NSE,EQ,EQ,buy,false,9.000000,781.099976,790161,1000000004705369,2023-08-02T09:41:16
BLUESTARCO,INE472A01039,2023-08-02,NSE,EQ,EQ,buy,false,16.000000,781.150024,790162,1000000004705369,2023-08-02T09:41:16
PENIND,INE932A01024,2023-09-01,NSE,EQ,EQ,sell,false,32.000000,111.099998,42685171,1200000016458918,2023-09-01T11:16:37
PENIND,INE932A01024,2023-09-01,NSE,EQ,EQ,sell,false,37.000000,111.099998,42685170,1200000016458918,2023-09-01T11:16:37
SANGHVIMOV,INE989A01024,2023-09-01,NSE,EQ,EQ,sell,false,9.000000,717.799988,62820576,1300000015411143,2023-09-01T11:16:37
APARINDS,INE372A01015,2023-09-01,NSE,EQ,EQ,sell,false,3.000000,4904.450195,2443185,1000000015306145,2023-09-01T11:16:37
SKIPPER,INE439E01022,2023-09-01,NSE,EQ,EQ,buy,false,72.000000,251.500000,62821120,1300000015414306,2023-09-01T11:16:39
SKIPPER,INE439E01022,2023-09-01,NSE,EQ,EQ,buy,false,27.000000,251.500000,62821119,1300000015414306,2023-09-01T11:16:39
SONATSOFTW,INE269A01021,2023-09-01,NSE,EQ,EQ,sell,false,18.000000,1027.150024,62836272,1300000015499627,2023-09-01T11:17:30
SONATSOFTW,INE269A01021,2023-09-01,NSE,EQ,EQ,sell,false,30.000000,1027.699951,62836271,1300000015499627,2023-09-01T11:17:30
ZENSARTECH,INE520A01027,2023-09-01,NSE,EQ,EQ,buy,false,15.000000,534.599976,62836813,1300000015502504,2023-09-01T11:17:32
ZENSARTECH,INE520A01027,2023-09-01,NSE,EQ,EQ,buy,false,5.000000,534.599976,62836812,1300000015502504,2023-09-01T11:17:32
AKZOINDIA,INE133A01011,2023-09-01,NSE,EQ,EQ,buy,false,1.000000,2762.500000,2455369,1000000015397922,2023-09-01T11:17:32
AKZOINDIA,INE133A01011,2023-09-01,NSE,EQ,EQ,buy,false,1.000000,2761.649902,2455368,1000000015397922,2023-09-01T11:17:32
ZENSARTECH,INE520A01027,2023-09-01,NSE,EQ,EQ,buy,false,81.000000,534.599976,62836811,1300000015502504,2023-09-01T11:17:32
SBCL,INE386D01027,2023-09-01,NSE,EQ,EQ,buy,false,7.000000,571.900024,62853343,1300000015597016,2023-09-01T11:18:30
TDPOWERSYS,INE419M01027,2023-09-01,NSE,EQ,EQ,buy,false,6.000000,264.500000,62853340,1300000015597004,2023-09-01T11:18:30
INOXWIND,INE066P01011,2023-09-01,NSE,EQ,EQ,buy,false,9.000000,208.000000,22821537,1100000015864005,2023-09-01T11:18:30
IONEXCHANG,INE570A01022,2023-09-01,NSE,EQ,EQ,buy,false,1.000000,567.799988,22821538,1100000015864009,2023-09-01T11:18:30
SHAKTIPUMP,INE908D01010,2023-09-01,NSE,EQ,EQ,buy,false,3.000000,887.849976,62853341,1300000015597006,2023-09-01T11:18:30
BORORENEW,INE666D01022,2023-09-01,NSE,EQ,EQ,buy,false,9.000000,444.750000,2466801,1000000015493447,2023-09-01T11:18:30
BLUESTARCO,INE472A01039,2023-09-01,NSE,EQ,EQ,buy,false,8.000000,733.549988,2480408,1000000015594120,2023-09-01T11:19:38
TRITURBINE,INE152M01016,2023-09-01,NSE,EQ,EQ,buy,false,5.000000,387.299988,62875473,1300000015708208,2023-09-01T11:19:38
IDFC,INE043D01016,2023-09-01,NSE,EQ,EQ,buy,false,5.000000,119.349998,22835657,1100000015966272,2023-09-01T11:19:38
TRITURBINE,INE152M01016,2023-09-01,NSE,EQ,EQ,buy,false,2.000000,387.399994,62875474,1300000015708208,2023-09-01T11:19:38
ZENSARTECH,INE520A01027,2023-09-01,NSE,EQ,EQ,buy,false,3.000000,534.000000,62875471,1300000015708145,2023-09-01T11:19:38
TRITURBINE,INE152M01016,2023-09-01,NSE,EQ,EQ,buy,false,3.000000,387.399994,62875475,1300000015708208,2023-09-01T11:19:38
TITAGARH,INE615H01020,2023-09-15,NSE,EQ,EQ,sell,false,42.000000,765.400024,61503594,1300000007013437,2023-09-15T09:59:41
APARINDS,INE372A01015,2023-09-15,NSE,EQ,EQ,sell,false,1.000000,5152.649902,1198297,1000000006577405,2023-09-15T09:59:41
TITAGARH,INE615H01020,2023-09-15,NSE,EQ,EQ,sell,false,22.000000,765.500000,61503593,1300000007013437,2023-09-15T09:59:41
STYLAMIND,INE239C01020,2023-09-15,NSE,EQ,EQ,sell,false,22.000000,1726.050049,61503596,1300000007013445,2023-09-15T09:59:41
APARINDS,INE372A01015,2023-09-15,NSE,EQ,EQ,sell,false,1.000000,5152.649902,1198296,1000000006577405,2023-09-15T09:59:41
ARVIND,INE034A01011,2023-09-15,NSE,EQ,EQ,buy,false,60.000000,172.550003,1198882,1000000006580816,2023-09-15T09:59:43
DBCORP,INE950I01011,2023-09-15,NSE,EQ,EQ,buy,false,1.000000,241.750000,21376838,1100000007025750,2023-09-15T09:59:43
DBCORP,INE950I01011,2023-09-15,NSE,EQ,EQ,buy,false,43.000000,241.750000,21376839,1100000007025750,2023-09-15T09:59:43
DBCORP,INE950I01011,2023-09-15,NSE,EQ,EQ,buy,false,50.000000,241.800003,21376840,1100000007025750,2023-09-15T09:59:43
DBCORP,INE950I01011,2023-09-15,NSE,EQ,EQ,buy,false,2.000000,241.600006,21376835,1100000007025750,2023-09-15T09:59:43
DBCORP,INE950I01011,2023-09-15,NSE,EQ,EQ,buy,false,3.000000,241.649994,21376836,1100000007025750,2023-09-15T09:59:43
DBCORP,INE950I01011,2023-09-15,NSE,EQ,EQ,buy,false,32.000000,241.800003,21376841,1100000007025750,2023-09-15T09:59:43
ARVIND,INE034A01011,2023-09-15,NSE,EQ,EQ,buy,false,16.000000,172.550003,1198881,1000000006580816,2023-09-15T09:59:43
DBCORP,INE950I01011,2023-09-15,NSE,EQ,EQ,buy,false,30.000000,241.750000,21376837,1100000007025750,2023-09-15T09:59:43
ARVIND,INE034A01011,2023-09-15,NSE,EQ,EQ,buy,false,18.000000,172.550003,1198883,1000000006580816,2023-09-15T09:59:43
ARVIND,INE034A01011,2023-09-15,NSE,EQ,EQ,buy,false,122.000000,172.550003,1198885,1000000006580816,2023-09-15T09:59:43
ARVIND,INE034A01011,2023-09-15,NSE,EQ,EQ,buy,false,8.000000,172.550003,1198884,1000000006580816,2023-09-15T09:59:43
PHOENIXLTD,INE211B01039,2023-09-15,NSE,EQ,EQ,sell,false,2.000000,1838.449951,41289016,1200000007255206,2023-09-15T10:00:44
PRESTIGE,INE811K01011,2023-09-15,NSE,EQ,EQ,sell,false,9.000000,629.849976,41289013,1200000007255199,2023-09-15T10:00:44
PHOENIXLTD,INE211B01039,2023-09-15,NSE,EQ,EQ,sell,false,2.000000,1838.650024,41289015,1200000007255206,2023-09-15T10:00:44
MINDSPACE,INE0CCU25019,2023-09-15,NSE,EQ,RR,sell,false,3.000000,320.170013,41289009,1200000007255196,2023-09-15T10:00:44
EMBASSY,INE041025011,2023-09-15,NSE,EQ,RR,sell,false,6.000000,306.790009,21399329,1100000007135298,2023-09-15T10:00:44
EMBASSY,INE041025011,2023-09-15,NSE,EQ,RR,sell,false,25.000000,306.779999,21399330,1100000007135298,2023-09-15T10:00:44
MINDSPACE,INE0CCU25019,2023-09-15,NSE,EQ,RR,sell,false,4.000000,320.160004,41289010,1200000007255196,2023-09-15T10:00:44
MINDSPACE,INE0CCU25019,2023-09-15,NSE,EQ,RR,sell,false,29.000000,320.149994,41289011,1200000007255196,2023-09-15T10:00:44
NXST,INE0NDH25011,2023-09-15,NSE,EQ,RR,buy,false,66.000000,123.500000,41289564,1200000007258068,2023-09-15T10:00:46
NXST,INE0NDH25011,2023-09-15,NSE,EQ,RR,buy,false,2.000000,123.500000,41289565,1200000007258068,2023-09-15T10:00:46
NXST,INE0NDH25011,2023-09-15,NSE,EQ,RR,buy,false,155.000000,123.500000,41289566,1200000007258068,2023-09-15T10:00:46
BRIGADE,INE791I01019,2023-09-15,NSE,EQ,EQ,buy,false,8.000000,619.599976,1216463,1000000006679761,2023-09-15T10:00:46
TATAPOWER,INE245A01021,2023-09-15,NSE,EQ,EQ,sell,false,28.000000,266.450012,61538036,1300000007175905,2023-09-15T10:01:18
TCS,INE467B01029,2023-09-15,NSE,EQ,EQ,sell,false,3.000000,3572.250000,61538035,1300000007175903,2023-09-15T10:01:18
INDHOTEL,INE053A01029,2023-09-15,NSE,EQ,EQ,sell,false,10.000000,426.649994,21412119,1100000007193557,2023-09-15T10:01:18
INDHOTEL,INE053A01029,2023-09-15,NSE,EQ,EQ,sell,false,10.000000,426.700012,21412117,1100000007193557,2023-09-15T10:01:18
TATACONSUM,INE192A01025,2023-09-15,NSE,EQ,EQ,sell,false,13.000000,877.799988,61538030,1300000007175900,2023-09-15T10:01:18
INDHOTEL,INE053A01029,2023-09-15,NSE,EQ,EQ,sell,false,5.000000,426.649994,21412118,1100000007193557,2023-09-15T10:01:18
TITAN,INE280A01028,2023-09-15,NSE,EQ,EQ,buy,false,1.000000,3243.250000,61538795,1300000007180159,2023-09-15T10:01:20
TITAN,INE280A01028,2023-09-15,NSE,EQ,EQ,buy,false,1.000000,3243.250000,61538794,1300000007180159,2023-09-15T10:01:20
TATAMOTORS,INE155A01022,2023-09-18,NSE,EQ,EQ,buy,false,68.000000,634.150024,60740128,1300000003437397,2023-09-18T09:30:16
BRIGADE,INE791I01019,2023-09-29,NSE,EQ,EQ,buy,false,7.000000,572.000000,1916763,1000000014797247,2023-09-29T11:43:57
GODREJPROP,INE484J01027,2023-09-29,NSE,EQ,EQ,buy,false,4.000000,1559.449951,22466548,1100000014687716,2023-09-29T11:43:57
GODREJPROP,INE484J01027,2023-09-29,NSE,EQ,EQ,buy,false,1.000000,1559.449951,22466549,1100000014687716,2023-09-29T11:43:57
PRESTIGE,INE811K01011,2023-09-29,NSE,EQ,EQ,buy,false,4.000000,604.799988,42612157,1200000019345808,2023-09-29T11:43:57
EMBASSY,INE041025011,2023-09-29,NSE,EQ,RR,buy,false,10.000000,302.000000,22466554,1100000014687737,2023-09-29T11:43:57
PRESTIGE,INE811K01011,2023-09-29,NSE,EQ,EQ,buy,false,1.000000,604.799988,42612158,1200000019345808,2023-09-29T11:43:57
BRIGADE,INE791I01019,2023-09-29,NSE,EQ,EQ,buy,false,11.000000,572.049988,1916764,1000000014797247,2023-09-29T11:43:57
DLF,INE271C01023,2023-09-29,NSE,EQ,EQ,buy,false,12.000000,526.700012,22466550,1100000014687717,2023-09-29T11:43:57
MINDSPACE,INE0CCU25019,2023-09-29,NSE,EQ,RR,buy,false,10.000000,313.760010,42612162,1200000019345844,2023-09-29T11:43:57
PRESTIGE,INE811K01011,2023-09-29,NSE,EQ,EQ,buy,false,6.000000,604.849976,42612159,1200000019345808,2023-09-29T11:43:57
PHOENIXLTD,INE211B01039,2023-09-29,NSE,EQ,EQ,buy,false,3.000000,1808.349976,42612160,1200000019345837,2023-09-29T11:43:57
OBEROIRLTY,INE093I01010,2023-09-29,NSE,EQ,EQ,buy,false,3.000000,1148.949951,42612161,1200000019345841,2023-09-29T11:43:57
NXST,INE0NDH25011,2023-09-29,NSE,EQ,RR,buy,false,20.000000,124.099998,42612168,1200000019345877,2023-09-29T11:43:57
ZENSARTECH,INE520A01027,2023-09-29,NSE,EQ,EQ,buy,false,26.000000,514.400024,62408565,1300000014911038,2023-09-29T11:44:31
FINCABLES,INE235A01022,2023-09-29,NSE,EQ,EQ,buy,false,5.000000,1147.800049,22472734,1100000014729163,2023-09-29T11:44:31
AKZOINDIA,INE133A01011,2023-09-29,NSE,EQ,EQ,buy,false,7.000000,2474.649902,1922573,1000000014845817,2023-09-29T11:44:31
GPPL,INE517F01014,2023-09-29,NSE,EQ,EQ,buy,false,1.000000,124.500000,22472729,1100000014729144,2023-09-29T11:44:31
GPPL,INE517F01014,2023-09-29,NSE,EQ,EQ,buy,false,53.000000,124.500000,22472731,1100000014729144,2023-09-29T11:44:31
GPPL,INE517F01014,2023-09-29,NSE,EQ,EQ,buy,false,13.000000,124.500000,22472730,1100000014729144,2023-09-29T11:44:31
CYIENT,INE136B01020,2023-09-29,NSE,EQ,EQ,buy,false,5.000000,1693.650024,1922580,1000000014845867,2023-09-29T11:44:31
EXIDEIND,INE302A01020,2023-09-29,NSE,EQ,EQ,buy,false,42.000000,261.750000,22472732,1100000014729146,2023-09-29T11:44:31
IDFC,INE043D01016,2023-09-29,NSE,EQ,EQ,buy,false,48.000000,128.750000,22472733,1100000014729156,2023-09-29T11:44:31
TRITURBINE,INE152M01016,2023-09-29,NSE,EQ,EQ,buy,false,9.000000,437.950012,62408562,1300000014911034,2023-09-29T11:44:31
MAZDOCK,INE249Z01012,2023-09-29,NSE,EQ,EQ,buy,false,1.000000,2204.350098,42619533,1200000019399005,2023-09-29T11:44:31
GPPL,INE517F01014,2023-09-29,NSE,EQ,EQ,buy,false,20.000000,124.500000,22472728,1100000014729144,2023-09-29T11:44:31
TDPOWERSYS,INE419M01027,2023-09-29,NSE,EQ,EQ,buy,false,22.000000,258.649994,62417714,1300000014961407,2023-09-29T11:45:09
SANGHVIMOV,INE989A01024,2023-09-29,NSE,EQ,EQ,buy,false,8.000000,689.450012,62417724,1300000014961463,2023-09-29T11:45:09
GANECOS,INE845D01014,2023-09-29,NSE,EQ,EQ,buy,false,6.000000,972.849976,22478878,1100000014770520,2023-09-29T11:45:09
GANECOS,INE845D01014,2023-09-29,NSE,EQ,EQ,buy,false,7.000000,973.000000,22478879,1100000014770520,2023-09-29T11:45:09
BBL,INE464A01028,2023-09-29,NSE,EQ,EQ,buy,false,1.000000,3582.449951,1929754,1000000014901197,2023-09-29T11:45:09
BBL,INE464A01028,2023-09-29,NSE,EQ,EQ,buy,false,1.000000,3582.399902,1929753,1000000014901197,2023-09-29T11:45:09
GRAVITA,INE024L01027,2023-09-29,NSE,EQ,EQ,buy,false,1.000000,905.950012,22478876,1100000014770514,2023-09-29T11:45:09
FIEMIND,INE737H01014,2023-09-29,NSE,EQ,EQ,buy,false,5.000000,1807.599976,22478872,1100000014770418,2023-09-29T11:45:09
INOXWIND,INE066P01011,2023-09-29,NSE,EQ,EQ,buy,false,27.000000,193.449997,22478874,1100000014770464,2023-09-29T11:45:09
SKIPPER,INE439E01022,2023-09-29,NSE,EQ,EQ,buy,false,1.000000,218.500000,62417729,1300000014961481,2023-09-29T11:45:09
KPITTECH,INE04I401011,2023-09-29,NSE,EQ,EQ,buy,false,4.000000,1160.800049,42626772,1200000019460384,2023-09-29T11:45:09
IONEXCHANG,INE570A01022,2023-09-29,NSE,EQ,EQ,buy,false,18.000000,516.750000,22478875,1100000014770480,2023-09-29T11:45:09
TECHNOE,INE285K01026,2023-09-29,NSE,EQ,EQ,buy,false,1.000000,504.799988,62417718,1300000014961430,2023-09-29T11:45:09
TECHNOE,INE285K01026,2023-09-29,NSE,EQ,EQ,buy,false,8.000000,504.799988,62417719,1300000014961430,2023-09-29T11:45:09
SKIPPER,INE439E01022,2023-09-29,NSE,EQ,EQ,buy,false,1.000000,218.500000,62417725,1300000014961481,2023-09-29T11:45:09
SKIPPER,INE439E01022,2023-09-29,NSE,EQ,EQ,buy,false,1.000000,218.500000,62417727,1300000014961481,2023-09-29T11:45:09
MTARTECH,INE864I01014,2023-09-29,NSE,EQ,EQ,buy,false,2.000000,2534.149902,42626766,1200000019460325,2023-09-29T11:45:09
SKIPPER,INE439E01022,2023-09-29,NSE,EQ,EQ,buy,false,13.000000,218.500000,62417730,1300000014961481,2023-09-29T11:45:09
SKIPPER,INE439E01022,2023-09-29,NSE,EQ,EQ,buy,false,9.000000,218.600006,62417732,1300000014961481,2023-09-29T11:45:09
SKIPPER,INE439E01022,2023-09-29,NSE,EQ,EQ,buy,false,3.000000,218.550003,62417731,1300000014961481,2023-09-29T11:45:09
SHAKTIPUMP,INE908D01010,2023-09-29,NSE,EQ,EQ,buy,false,2.000000,857.650024,62417717,1300000014961416,2023-09-29T11:45:09
SWSOLAR,INE00M201021,2023-09-29,NSE,EQ,BE,buy,false,16.000000,361.450012,62417733,1300000014961506,2023-09-29T11:45:09
SHAKTIPUMP,INE908D01010,2023-09-29,NSE,EQ,EQ,buy,false,1.000000,857.650024,62417716,1300000014961416,2023-09-29T11:45:09
PITTIENG,INE450D01021,2023-09-29,NSE,EQ,EQ,buy,false,2.000000,600.549988,42626767,1200000019460362,2023-09-29T11:45:09
SHAKTIPUMP,INE908D01010,2023-09-29,NSE,EQ,EQ,buy,false,7.000000,857.500000,62417715,1300000014961416,2023-09-29T11:45:09
SKIPPER,INE439E01022,2023-09-29,NSE,EQ,EQ,buy,false,4.000000,218.500000,62417728,1300000014961481,2023-09-29T11:45:09
SKIPPER,INE439E01022,2023-09-29,NSE,EQ,EQ,buy,false,4.000000,218.500000,62417726,1300000014961481,2023-09-29T11:45:09
SANGHVIMOV,INE989A01024,2023-09-29,NSE,EQ,EQ,buy,false,1.000000,689.450012,62417723,1300000014961463,2023-09-29T11:45:09
SANGHVIMOV,INE989A01024,2023-09-29,NSE,EQ,EQ,buy,false,5.000000,689.450012,62417722,1300000014961463,2023-09-29T11:45:09
PENIND,INE932A01024,2023-09-29,NSE,EQ,EQ,buy,false,22.000000,112.599998,42626770,1200000019460383,2023-09-29T11:45:09
PENIND,INE932A01024,2023-09-29,NSE,EQ,EQ,buy,false,6.000000,112.599998,42626771,1200000019460383,2023-09-29T11:45:09
SBCL,INE386D01027,2023-09-29,NSE,EQ,EQ,buy,false,24.000000,539.500000,62417720,1300000014961451,2023-09-29T11:45:09
BORORENEW,INE666D01022,2023-09-29,NSE,EQ,EQ,buy,false,15.000000,429.000000,1929752,1000000014901178,2023-09-29T11:45:09
FUSION,INE139R01012,2023-09-29,NSE,EQ,EQ,buy,false,5.000000,599.700012,22487364,1100000014827196,2023-09-29T11:45:52
HGINFRA,INE926X01010,2023-09-29,NSE,EQ,EQ,buy,false,1.000000,951.349976,22487362,1100000014827155,2023-09-29T11:45:52
FINCABLES,INE235A01022,2023-09-29,NSE,EQ,EQ,buy,false,7.000000,1147.800049,22487356,1100000014827149,2023-09-29T11:45:52
ARVIND,INE034A01011,2023-09-29,NSE,EQ,EQ,buy,false,40.000000,173.649994,1936907,1000000014958731,2023-09-29T11:45:52
GLENMARK,INE935A01035,2023-09-29,NSE,EQ,EQ,buy,false,9.000000,820.450012,22487359,1100000014827152,2023-09-29T11:45:52
ITC,INE154A01025,2023-09-29,NSE,EQ,EQ,buy,false,30.000000,442.450012,22487388,1100000014827227,2023-09-29T11:45:52
FUSION,INE139R01012,2023-09-29,NSE,EQ,EQ,buy,false,1.000000,599.700012,22487365,1100000014827196,2023-09-29T11:45:52
FUSION,INE139R01012,2023-09-29,NSE,EQ,EQ,buy,false,17.000000,599.700012,22487366,1100000014827196,2023-09-29T11:45:52
ZYDUSLIFE,INE010B01027,2023-09-29,NSE,EQ,EQ,buy,false,21.000000,614.000000,1936906,1000000014958730,2023-09-29T11:45:52
HGINFRA,INE926X01010,2023-09-29,NSE,EQ,EQ,buy,false,5.000000,951.049988,22487360,1100000014827155,2023-09-29T11:45:52
DBCORP,INE950I01011,2023-09-29,NSE,EQ,EQ,buy,false,24.000000,247.750000,22487357,1100000014827151,2023-09-29T11:45:52
HGINFRA,INE926X01010,2023-09-29,NSE,EQ,EQ,buy,false,1.000000,951.299988,22487361,1100000014827155,2023-09-29T11:45:52
GLENMARK,INE935A01035,2023-09-29,NSE,EQ,EQ,buy,false,4.000000,820.450012,22487358,1100000014827152,2023-09-29T11:45:52
HGINFRA,INE926X01010,2023-09-29,NSE,EQ,EQ,buy,false,5.000000,951.349976,22487363,1100000014827155,2023-09-29T11:45:52
ZENSARTECH,INE520A01027,2023-09-29,NSE,EQ,EQ,buy,false,15.000000,514.200012,62427023,1300000015023037,2023-09-29T11:45:52
M&M,INE101A01026,2023-09-29,NSE,EQ,EQ,buy,false,5.000000,1566.250000,42636132,1200000019532934,2023-09-29T11:45:52
MINDACORP,INE842C01021,2023-09-29,NSE,EQ,EQ,buy,false,24.000000,332.600006,42636125,1200000019532912,2023-09-29T11:45:52
NCC,INE868B01028,2023-09-29,NSE,EQ,EQ,buy,false,53.000000,157.199997,42636133,1200000019532937,2023-09-29T11:45:52
KARURVYSYA,INE036D01028,2023-09-29,NSE,EQ,EQ,buy,false,57.000000,133.449997,42636134,1200000019532940,2023-09-29T11:45:52
NTPC,INE733E01010,2023-09-29,NSE,EQ,EQ,buy,false,18.000000,246.600006,42636117,1200000019532890,2023-09-29T11:45:52
ZENSARTECH,INE520A01027,2023-09-29,NSE,EQ,EQ,buy,false,2.000000,514.299988,62427024,1300000015023037,2023-09-29T11:45:52
TATASTEEL,INE081A01020,2023-09-29,NSE,EQ,EQ,buy,false,35.000000,128.300003,62435683,1300000015087752,2023-09-29T11:46:34
INDHOTEL,INE053A01029,2023-09-29,NSE,EQ,EQ,buy,false,16.000000,408.950012,22496678,1100000014881774,2023-09-29T11:46:34
VOLTAS,INE226A01021,2023-09-29,NSE,EQ,EQ,buy,false,8.000000,866.599976,62435684,1300000015087754,2023-09-29T11:46:34
TATACONSUM,INE192A01025,2023-09-29,NSE,EQ,EQ,buy,false,7.000000,882.900024,62435680,1300000015087737,2023-09-29T11:46:34
TITAN,INE280A01028,2023-09-29,NSE,EQ,EQ,buy,false,3.000000,3173.949951,62435681,1300000015087744,2023-09-29T11:46:34
TCS,INE467B01029,2023-09-29,NSE,EQ,EQ,buy,false,2.000000,3556.899902,62435679,1300000015087727,2023-09-29T11:46:34
INDHOTEL,INE053A01029,2023-09-29,NSE,EQ,EQ,buy,false,2.000000,408.950012,22496677,1100000014881774,2023-09-29T11:46:34
TATAPOWER,INE245A01021,2023-09-29,NSE,EQ,EQ,buy,false,20.000000,262.799988,62435676,1300000015087723,2023-09-29T11:46:34
TATAMOTORS,INE155A01022,2023-09-29,NSE,EQ,EQ,buy,false,8.000000,630.450012,62435678,1300000015087726,2023-09-29T11:46:34
TATACHEM,INE092A01019,2023-09-29,NSE,EQ,EQ,buy,false,3.000000,1029.349976,62435677,1300000015087724,2023-09-29T11:46:34
MARICO,INE196A01026,2023-09-29,NSE,EQ,EQ,buy,false,4.000000,560.500000,42666720,1200000019784381,2023-09-29T11:48:23
ASTRAL,INE006I01046,2023-09-29,NSE,EQ,EQ,buy,false,1.000000,1912.400024,1958297,1000000015143486,2023-09-29T11:48:23
ITC,INE154A01025,2023-09-29,NSE,EQ,EQ,buy,false,5.000000,442.399994,22515752,1100000015008168,2023-09-29T11:48:23
HINDUNILVR,INE030A01027,2023-09-29,NSE,EQ,EQ,buy,false,3.000000,2464.899902,22515751,1100000015008166,2023-09-29T11:48:23
ITC,INE154A01025,2023-09-29,NSE,EQ,EQ,buy,false,4.000000,442.450012,22515753,1100000015008168,2023-09-29T11:48:23
INFY,INE009A01021,2023-09-29,NSE,EQ,EQ,buy,false,1.000000,1433.199951,22515758,1100000015008182,2023-09-29T11:48:23
ASIANPAINT,INE021A01026,2023-09-29,NSE,EQ,EQ,buy,false,1.000000,3169.949951,1958300,1000000015143512,2023-09-29T11:48:23
RELIANCE,INE002A01018,2023-09-29,NSE,EQ,EQ,buy,false,1.000000,2356.449951,62459865,1300000015254654,2023-09-29T11:48:23
PIDILITIND,INE318A01026,2023-09-29,NSE,EQ,EQ,buy,false,3.000000,2450.000000,42666722,1200000019784419,2023-09-29T11:48:23
REDINGTON,INE891D01026,2023-09-29,NSE,EQ,EQ,buy,false,54.000000,155.250000,62459864,1300000015254641,2023-09-29T11:48:23
JIOFIN,INE758E01017,2023-09-29,NSE,EQ,EQ,buy,false,3.000000,225.899994,42666721,1200000019784416,2023-09-29T11:48:23
GOLDBEES,INF204KB17I5,2023-09-29,NSE,EQ,EQ,buy,false,211.000000,49.619999,22521948,1100000015046646,2023-09-29T11:48:57
NIFTYBEES,INF204KB14I2,2023-09-29,NSE,EQ,EQ,buy,false,15.000000,217.190002,42672959,1200000019837361,2023-09-29T11:48:57
LIQUIDBEES,INF732E01037,2023-09-29,NSE,EQ,EQ,buy,false,7.000000,1000.010010,42672961,1200000019837370,2023-09-29T11:48:57
JUNIORBEES,INF732E01045,2023-09-29,NSE,EQ,EQ,buy,false,8.000000,477.649994,42672960,1200000019837362,2023-09-29T11:48:57
CYIENT,INE136B01020,2023-09-29,NSE,EQ,EQ,buy,false,1.000000,1701.000000,1977299,1000000015299885,2023-09-29T11:50:34
FINCABLES,INE235A01022,2023-09-29,NSE,EQ,EQ,buy,false,1.000000,1147.599976,22538204,1100000015158687,2023-09-29T11:50:34
EXIDEIND,INE302A01020,2023-09-29,NSE,EQ,EQ,buy,false,2.000000,261.700012,22538205,1100000015158692,2023-09-29T11:50:34
IDFC,INE043D01016,2023-09-29,NSE,EQ,EQ,buy,false,3.000000,129.100006,22538206,1100000015158699,2023-09-29T11:50:34
ZENSARTECH,INE520A01027,2023-09-29,NSE,EQ,EQ,buy,false,1.000000,514.000000,62487406,1300000015458711,2023-09-29T11:50:34
GPPL,INE517F01014,2023-09-29,NSE,EQ,EQ,buy,false,2.000000,124.500000,22538208,1100000015158727,2023-09-29T11:50:35
TRITURBINE,INE152M01016,2023-09-29,NSE,EQ,EQ,buy,false,2.000000,438.850006,62487408,1300000015458728,2023-09-29T11:50:35
NIFTYBEES,INF204KB14I2,2023-10-04,NSE,EQ,EQ,sell,false,10.000000,214.449997,42793227,1200000016968731,2023-10-04T11:15:23
JUNIORBEES,INF732E01045,2023-10-04,NSE,EQ,EQ,sell,false,240.000000,474.309998,42793234,1200000016968764,2023-10-04T11:15:23
NIFTYBEES,INF204KB14I2,2023-10-04,NSE,EQ,EQ,sell,false,8.000000,214.410004,42793233,1200000016968731,2023-10-04T11:15:23
NIFTYBEES,INF204KB14I2,2023-10-04,NSE,EQ,EQ,sell,false,10.000000,214.410004,42793232,1200000016968731,2023-10-04T11:15:23
NIFTYBEES,INF204KB14I2,2023-10-04,NSE,EQ,EQ,sell,false,5.000000,214.410004,42793231,1200000016968731,2023-10-04T11:15:23
NIFTYBEES,INF204KB14I2,2023-10-04,NSE,EQ,EQ,sell,false,20.000000,214.410004,42793230,1200000016968731,2023-10-04T11:15:23
NIFTYBEES,INF204KB14I2,2023-10-04,NSE,EQ,EQ,sell,false,4.000000,214.410004,42793229,1200000016968731,2023-10-04T11:15:23
NIFTYBEES,INF204KB14I2,2023-10-04,NSE,EQ,EQ,sell,false,291.000000,214.410004,42793228,1200000016968731,2023-10-04T11:15:23
GOLDBEES,INF204KB17I5,2023-10-04,NSE,EQ,EQ,buy,false,404.000000,48.389999,22726515,1100000014917314,2023-10-04T11:15:25
LIQUIDBEES,INF732E01037,2023-10-05,NSE,EQ,EQ,buy,false,169.000000,1000.010010,40565601,1200000003311815,2023-10-05T09:30:14
KIRLFER,INE884B01025,2023-10-06,NSE,EQ,EQ,buy,false,2.000000,470.000000,40018755,1200000000213831,2023-10-06T09:15:01
CIEINDIA,INE536H01010,2023-10-06,NSE,EQ,EQ,buy,false,9.000000,476.250000,40018539,1200000000212992,2023-10-06T09:15:01
APARINDS,INE372A01015,2023-10-06,NSE,EQ,EQ,buy,false,1.000000,5418.299805,13366,1000000000167990,2023-10-06T09:15:01
GHCL,INE539A01019,2023-10-06,NSE,EQ,EQ,buy,false,10.000000,617.450012,20024548,1100000000238711,2023-10-06T09:15:01
VBL,INE200M01021,2023-10-06,NSE,EQ,EQ,buy,false,5.000000,922.299988,60030207,1300000000259341,2023-10-06T09:15:01
RATNAMANI,INE703B01027,2023-10-06,NSE,EQ,EQ,buy,false,1.000000,2591.850098,60030386,1300000000260054,2023-10-06T09:15:01
TATAPOWER,INE245A01021,2023-10-06,NSE,EQ,EQ,buy,false,7.000000,259.399994,60030371,1300000000259993,2023-10-06T09:15:01
TATAPOWER,INE245A01021,2023-10-06,NSE,EQ,EQ,buy,false,13.000000,259.399994,60030375,1300000000260003,2023-10-06T09:15:01
SYNGENE,INE398R01022,2023-10-06,NSE,EQ,EQ,buy,false,7.000000,791.849976,60030223,1300000000259364,2023-10-06T09:15:01
PERSISTENT,INE262H01013,2023-10-06,NSE,EQ,EQ,buy,false,1.000000,5774.500000,40019568,1200000000217061,2023-10-06T09:15:01
SUVENPHAR,INE03QK01018,2023-10-06,NSE,EQ,EQ,buy,false,11.000000,572.849976,60030222,1300000000259363,2023-10-06T09:15:01
SOUTHBANK,INE683A01023,2023-10-06,NSE,EQ,EQ,buy,false,169.000000,26.600000,60030208,1300000000259343,2023-10-06T09:15:01
TORNTPOWER,INE813H01021,2023-10-06,NSE,EQ,EQ,buy,false,8.000000,733.950012,60030221,1300000000259362,2023-10-06T09:15:01
TORNTPOWER,INE813H01021,2023-10-06,NSE,EQ,EQ,buy,false,7.000000,733.950012,60030212,1300000000259349,2023-10-06T09:15:01
VGUARD,INE951I01027,2023-10-06,NSE,EQ,EQ,buy,false,16.000000,296.100006,60030385,1300000000260053,2023-10-06T09:15:01
SONACOMS,INE073K01018,2023-10-06,NSE,EQ,EQ,buy,false,6.000000,574.450012,60030203,1300000000259337,2023-10-06T09:15:01
ZYDUSWELL,INE768C01010,2023-10-06,NSE,EQ,EQ,buy,false,4.000000,1574.949951,60030380,1300000000260040,2023-10-06T09:15:01
WONDERLA,INE066O01014,2023-10-06,NSE,EQ,EQ,buy,false,7.000000,802.799988,60030387,1300000000260055,2023-10-06T09:15:01
SIS,INE285J01028,2023-10-06,NSE,EQ,EQ,buy,false,12.000000,474.399994,60030206,1300000000259340,2023-10-06T09:15:01
RKFORGE,INE399G01023,2023-10-06,NSE,EQ,EQ,buy,false,9.000000,634.200012,60030213,1300000000259350,2023-10-06T09:15:01
SUNTV,INE424H01027,2023-10-06,NSE,EQ,EQ,buy,false,10.000000,636.950012,60030394,1300000000260082,2023-10-06T09:15:01
WESTLIFE,INE274F01020,2023-10-06,NSE,EQ,EQ,buy,false,6.000000,951.400024,60030379,1300000000260039,2023-10-06T09:15:01
RELIANCE,INE002A01018,2023-10-06,NSE,EQ,EQ,buy,false,1.000000,2318.899902,60030202,1300000000259336,2023-10-06T09:15:01
SUPREMEIND,INE195A01028,2023-10-06,NSE,EQ,EQ,buy,false,1.000000,3898.949951,60030209,1300000000259345,2023-10-06T09:15:01
CRAFTSMAN,INE00LO01017,2023-10-06,NSE,EQ,EQ,buy,false,1.000000,4673.850098,13374,1000000000168029,2023-10-06T09:15:01
AAVAS,INE216P01012,2023-10-06,NSE,EQ,EQ,buy,false,3.000000,1754.900024,13371,1000000000168003,2023-10-06T09:15:01
ERIS,INE406M01024,2023-10-06,NSE,EQ,EQ,buy,false,2.000000,882.750000,20024531,1100000000238666,2023-10-06T09:15:01
ERIS,INE406M01024,2023-10-06,NSE,EQ,EQ,buy,false,1.000000,882.700012,20024529,1100000000238666,2023-10-06T09:15:01
AJANTPHARM,INE031B01049,2023-10-06,NSE,EQ,EQ,buy,false,3.000000,1766.449951,13882,1000000000169432,2023-10-06T09:15:01
APLAPOLLO,INE702C01027,2023-10-06,NSE,EQ,EQ,buy,false,1.000000,1616.699951,13264,1000000000167429,2023-10-06T09:15:01
ERIS,INE406M01024,2023-10-06,NSE,EQ,EQ,buy,false,2.000000,882.700012,20024530,1100000000238666,2023-10-06T09:15:01
COALINDIA,INE522F01014,2023-10-06,NSE,EQ,EQ,buy,false,10.000000,291.000000,13361,1000000000167949,2023-10-06T09:15:01
GSPL,INE246F01010,2023-10-06,NSE,EQ,EQ,buy,false,2.000000,288.799988,20024527,1100000000238659,2023-10-06T09:15:01
GSPL,INE246F01010,2023-10-06,NSE,EQ,EQ,buy,false,6.000000,288.799988,20024526,1100000000238659,2023-10-06T09:15:01
IDFCFIRSTB,INE092T01019,2023-10-06,NSE,EQ,EQ,buy,false,51.000000,92.199997,20024535,1100000000238672,2023-10-06T09:15:01
GRANULES,INE101D01020,2023-10-06,NSE,EQ,EQ,buy,false,6.000000,355.500000,20024549,1100000000238712,2023-10-06T09:15:01
DIVGIITTS,INE753U01022,2023-10-06,NSE,EQ,EQ,buy,false,4.000000,1057.849976,20024534,1100000000238670,2023-10-06T09:15:01
AUBANK,INE949L01017,2023-10-06,NSE,EQ,EQ,buy,false,7.000000,719.750000,13263,1000000000167426,2023-10-06T09:15:01
BAJAJ-AUTO,INE917I01010,2023-10-06,NSE,EQ,EQ,buy,false,1.000000,5082.600098,13260,1000000000167420,2023-10-06T09:15:01
ABB,INE117A01022,2023-10-06,NSE,EQ,EQ,buy,false,1.000000,4089.199951,13368,1000000000167992,2023-10-06T09:15:01
KIRLFER,INE884B01025,2023-10-06,NSE,EQ,EQ,buy,false,9.000000,471.750000,40018757,1200000000213831,2023-10-06T09:15:01
WSTCSTPAPR,INE976A01021,2023-10-06,NSE,EQ,EQ,buy,false,8.000000,709.000000,60030211,1300000000259348,2023-10-06T09:15:01
SIEMENS,INE003A01024,2023-10-06,NSE,EQ,EQ,buy,false,1.000000,3543.649902,60030381,1300000000260041,2023-10-06T09:15:01
CASTROLIND,INE172A01027,2023-10-06,NSE,EQ,EQ,buy,false,45.000000,137.399994,13269,1000000000167444,2023-10-06T09:15:01
COFORGE,INE591G01017,2023-10-06,NSE,EQ,EQ,buy,false,1.000000,5241.750000,13370,1000000000168002,2023-10-06T09:15:01
BANKBARODA,INE028A01039,2023-10-06,NSE,EQ,EQ,buy,false,4.000000,213.699997,13270,1000000000167445,2023-10-06T09:15:01
ARVIND,INE034A01011,2023-10-06,NSE,EQ,EQ,buy,false,34.000000,182.199997,13375,1000000000168030,2023-10-06T09:15:01
ERIS,INE406M01024,2023-10-06,NSE,EQ,EQ,buy,false,2.000000,887.049988,20024532,1100000000238666,2023-10-06T09:15:01
IGL,INE203G01027,2023-10-06,NSE,EQ,EQ,buy,false,5.000000,457.950012,20024525,1100000000238658,2023-10-06T09:15:01
HINDALCO,INE038A01020,2023-10-06,NSE,EQ,EQ,buy,false,3.000000,474.350006,20024542,1100000000238682,2023-10-06T09:15:01
AIAENG,INE212H01026,2023-10-06,NSE,EQ,EQ,buy,false,1.000000,3456.949951,13262,1000000000167425,2023-10-06T09:15:01
COROMANDEL,INE169A01031,2023-10-06,NSE,EQ,EQ,buy,false,5.000000,1169.750000,13261,1000000000167422,2023-10-06T09:15:01
AMARAJABAT,INE885A01032,2023-10-06,NSE,EQ,EQ,buy,false,6.000000,645.450012,13362,1000000000167952,2023-10-06T09:15:01
CRAFTSMAN,INE00LO01017,2023-10-06,NSE,EQ,EQ,buy,false,1.000000,4673.799805,13367,1000000000167991,2023-10-06T09:15:01
GHCL,INE539A01019,2023-10-06,NSE,EQ,EQ,buy,false,9.000000,617.500000,20024753,1100000000239688,2023-10-06T09:15:01
GESHIP,INE017A01032,2023-10-06,NSE,EQ,EQ,buy,false,7.000000,832.400024,20024755,1100000000239690,2023-10-06T09:15:01
KIRLOSBROS,INE732A01036,2023-10-06,NSE,EQ,EQ,buy,false,6.000000,892.000000,40018543,1200000000212997,2023-10-06T09:15:01
NCC,INE868B01028,2023-10-06,NSE,EQ,EQ,buy,false,39.000000,157.800003,40018555,1200000000213038,2023-10-06T09:15:01
